3250 5217
262 556 307 618 54
686 554 736 617 M.
761 554 802 615 A.
830 550 1014 615 PLAUTI

261 752 331 826 Cn.
358 752 454 825 Volo
470 754 568 838 scire,
584 754 689 838 sinas,
705 777 750 825 an
765 776 838 824 non
853 751 960 835 siuas,
973 775 1038 824 nos
1052 773 1199 846 coquere
1209 747 1270 823 hic
1283 752 1443 821 ooenam?

260 878 338 953 Eu.
359 878 453 953 Volo
479 881 566 952 scire
591 904 657 977 ego
680 880 781 963 item,
806 901 893 950 meae
917 876 1015 948 domi
1039 899 1119 948 mea
1144 874 1240 948 salva
1262 872 1407 946 fntma?

261 1002 331 1077 Co.
358 1004 508 1077 Utinam
533 1029 612 1077 mea
634 1002 724 1076 mihi
747 1001 852 1075 modo
875 999 1043 1085 auferam,
1069 1025 1146 1096 quae
1169 999 1287 1083 attuli,
1311 997 1421 1072 salva!

272 1194 275 1199 .
358 1130 422 1202 Me
439 1126 537 1201 haud
552 1128 723 1224 poenitet:
741 1136 851 1199 tuane
869 1124 1063 1222 expetam?

948 1248 1024 1319 En.
1043 1246 1143 1319 Scio:
1161 1269 1206 1318 ne
1223 1244 1325 1317 doce!
1342 1244 1444 1317 novi!

261 1374 330 1449 Co.
356 1376 460 1463 Quid
483 1386 548 1461 est,
575 1401 645 1472 qua
664 1373 850 1471 prohibeas
873 1398 969 1447 nunc
991 1373 1108 1469 gratia
1130 1397 1195 1444 nos
1215 1396 1361 1467 coquere
1385 1366 1445 1441 hie

507 1501 669 1573 coenam?

357 1621 461 1708 Quid
482 1620 638 1705 fecimus,
664 1621 751 1717 quid
773 1620 930 1695 diximus
951 1622 1030 1704 tibi,
1056 1646 1155 1693 secus
1178 1644 1284 1717 quam
1306 1617 1442 1691 velles?

258 1746 336 1820 En.
358 1745 484 1819 Etiam
501 1747 644 1843 rogitas,
662 1744 1056 1939 scelesltffirq'mffissui
1073 1743 1221 1843 angulos
1237 1767 1358 1816 omnes
1386 1758 1441 1819 391

886 1858 893 1891 0

359 1870 527 1943 Mearum
550 1868 679 1942 aedium
705 1879 741 1941 et
765 1892 850 1941 conc
865 1868 983 1940 avium
1004 1866 1096 1940 mihi
1117 1869 1274 1965 perviam
1299 1866 1426 1939 facitis.

358 1996 406 2070 Id
431 1997 493 2069 ubi
516 1997 584 2069 tibi
610 2006 684 2069 erat
709 1995 905 2091 negotium,
933 1993 978 2066 ad
1003 1992 1118 2066 focum
1146 1995 1176 2067 si
1201 1994 1359 2067 adesses:

304 2170 324 2198 v.
336 2159 377 2199 336.
401 2160 446 2209 Epo
459 2158 513 2203 itam
532 2156 595 2197 codd.
610 2166 645 2205 epo
661 2166 704 2195 non
723 2156 850 2203 end-m,
870 2155 932 2195 codd.
948 2159 970 2194 et
987 2155 1146 2203 monosyllabioe
1165 2155 1243 2205 legend
1267 2155 1309 2193 Bo:
1320 2154 1445 2194 massin-

257 2223 298 2267 ³87.
312 2222 410 2261 Gadium
422 2221 730 2263 ordinationemserutussumt
743 2218 914 2267 nisiquodm,
927 2220 1249 2265 montanistarumque&
1262 2218 1444 2259 assamodonss'ti

258 2288 306 2326 Sine
320 2286 446 2331 auctoritate,
462 2290 483 2325 et
497 2285 605 2334 pejoribus,
624 2284 642 2321 oi
656 2282 705 2331 quid
720 2284 787 2330 audio,
807 2283 904 2328 numeris,
921 2282 1045 2330 transponrit
1058 2282 1183 2321 lio—uta
1197 2284 1231 2321 Mo
1245 2283 1309 2328 Mod,
1329 2281 1362 2320 Ita
1376 2280 1445 2328 scripti

258 2349 326 2389 Nostr.
338 2352 360 2388 et
370 2347 446 2387 Vindd.
472 2347 513 2386 Bo:
525 2346 571 2384 met.
584 2345 689 2383 Gamerar:
702 2346 772 2384 Meum
782 2356 820 2394 pro
829 2354 935 2386 mnam:
947 2344 982 2383 sed
993 2344 1023 2381 nil
1034 2346 1179 2393 opus—<m
1193 2347 1226 2383 its
1236 2344 1298 2383 codd
1310 2347 1383 2393 prater
1393 2344 1416 2381 la
1427 2344 1444 2379 1.

257 2410 294 2450 uni
309 2413 340 2449 eat
353 2409 446 2457 wenna
460 2416 523 2446 num.
548 2406 590 2445 Bo:
601 2416 658 2445 onae
670 2406 769 2453 mobebor.
786 2407 832 2445 duae
846 2410 916 2445 autam
931 2406 1050 2455 posteriores
1064 2407 1143 2446 vossies
1157 2398 1202 2443 τοῦ
1216 2407 1324 2454 prandeas
1340 2406 1363 2445 iu
1381 2416 1445 2445 unsm

257 2474 303 2521 syn.
316 2482 353 2521 per
364 2472 430 2511 orasin
443 2470 653 2509 coalescunt—390.
667 2469 765 2507 Decimae
779 2469 822 2514 tini,
837 2468 870 2507 Ita
884 2469 946 2507 codd
963 2469 999 2518 qui
1014 2480 1085 2509 omnes
1099 2470 1175 2509 habent
1190 2471 1341 2509 samm—391.
1354 2471 1444 2518 Rogitas,

258 2534 314 2573 Mas.
327 2538 352 2573 ut
363 2534 428 2582 Supra
438 2533 483 2577 373ς
495 2535 516 2571 et
526 2531 588 2569 habet
596 2529 636 2568 hoe
647 2530 731 2568 verbum
742 2530 788 2577 plns
798 2530 943 2578 indignationis
953 2541 1015 2579 qnam
1023 2531 1089 2579 simpl.
1100 2533 1233 2579 ropac-Qus
1242 2536 1311 2570 sutem
1323 2530 1387 2579 (quod
1395 2530 1446 2569 dsnt

258 2606 330 2637 omnes
345 2596 407 2634 codd
422 2598 444 2635 et
459 2594 507 2633 Alo
521 2598 542 2633 et
555 2592 632 2636 Psrm.)
648 2591 728 2641 respicit
742 2591 768 2630 sd
780 2592 874 2640 coquum
888 2597 910 2632 et
924 2595 967 2642 ejus
979 2604 1098 2639 common
1112 2594 1278 2640 ethicesocs'tr's,
1291 2604 1350 2633 versu
1362 2604 1391 2643 sq.
1407 2604 1445 2642 pro

258 2668 300 2706 quo
311 2658 378 2697 voluit
389 2657 474 2697 Dissaid
480 2658 544 2705 sacis,
562 2656 597 2695 sed
607 2657 682 2703 absque
693 2658 846 2696 eausa-qm
860 2658 928 2697 Habet
942 2658 969 2697 Η,
981 2660 1000 2704 d,
1016 2658 1077 2707 plane
1091 2659 1189 2707 seriptum
1203 2657 1315 2703 adseram
1329 2657 1348 2696 st
1362 2658 1444 2699 adirm

258 2723 281 2759 et
291 2720 313 2758 id
324 2720 376 2758 milii
387 2720 454 2768 primo
464 2720 509 2758 visu
521 2719 580 2759 valde
590 2719 662 2764 arrisit,
675 2718 772 2766 quoniam
785 2719 866 2768 coquus
876 2721 911 2759 ilie
921 2731 934 2759 a
944 2722 991 2759 foro
1001 2721 1114 2760 mnduours
1123 2725 1160 2768 est,
1175 2719 1217 2768 [vv.
1230 2721 1302 2771 aaliz]
1312 2719 1350 2759 nbi
1360 2719 1378 2759 si
1388 2728 1445 2759 man-

257 2782 320 2838 daret,
336 2782 388 2820 nihil
402 2782 515 2822 istiusmodi
527 2782 633 2821 turbamm
646 2780 749 2820 evenisset
775 2780 846 2820 Potuit
859 2781 941 2831 quidem
955 2784 1025 2823 adires
1039 2793 1077 2833 pro
1092 2782 1156 2823 (ilcan
1175 2774 1220 2818 τοῦ
1235 2785 1313 2823 mam
1325 2783 1348 2820 in
1363 2787 1444 2822 textsrm

257 2845 354 2887 intrasse:
363 2844 437 2893 sesam
452 2848 521 2883 autem
538 2846 617 2893 (utpote
632 2842 741 2881 simillimae
753 2843 837 2882 suntin
851 2844 929 2893 scriptis
944 2844 1017 2884 littera
1031 2856 1044 2883 r
1054 2850 1075 2884 et
1088 2846 1107 2890 cl
1120 2845 1181 2884 faena
1194 2846 1262 2894 potuit
1276 2846 1298 2883 in
1306 2846 1384 2891 jodam,
1398 2857 1444 2893 quse

256 2908 288 2943 ost
301 2908 420 2945 ceterorum
432 2905 494 2945 codd.
509 2905 577 2951 lamio,
591 2904 663 2943 delabi
688 2903 719 2942 Re
730 2908 800 2943 autem
809 2916 913 2954 perpensa
925 2906 989 2945 mtius
997 2908 1064 2947 visum
1074 2911 1105 2947 est
1117 2907 1272 2955 suaseram
1282 2907 1374 2954 redum
1385 2910 1444 2957 orius

257 2968 414 3017 explicationem
424 2968 447 3007 in
458 2968 516 3008 Nott
529 2968 610 3016 snbied.

298 3094 363 3145 388.
405 3086 459 3145 Me
475 3086 555 3145 houd
574 3085 710 3165 poenitet:
740 3092 828 3144 tuane
875 3088 1022 3166 populum
1043 3108 1188 3147 summam
1215 3090 1337 3167 quidem
1355 3090 1444 3149 mise-

258 3180 431 3259 eopetomi]
472 3180 546 3237 ‘l'm
560 3178 629 3237 well
645 3178 765 3256 enough
781 3200 827 3237 sa·
875 3182 950 3239 riam
967 3191 1057 3259 atque
1076 3193 1238 3259 egestatem
1250 3204 1313 3261 prae
1331 3204 1362 3243 se
1376 3185 1443 3251 fert,

257 3274 355 3333 tisfied
386 3275 460 3333 with
486 3295 538 3349 my
564 3284 723 3353 property:
754 3294 827 3351 very
875 3285 907 3333 at
928 3275 1009 3334 idem
1030 3276 1115 3336 “sibi
1135 3277 1253 3355 plaudit
1273 3278 1343 3356 Ipse
1363 3278 1444 3336 domi

257 3369 351 3447 likely
380 3368 561 3447 (ironically)
585 3369 651 3429 that
676 3369 692 3426 Ι
720 3367 828 3427 should
876 3368 966 3426 simul
981 3390 1016 3429 ae
1031 3390 1169 3430 nummos
1184 3372 1216 3431 in
1231 3393 1300 3433 arca
1313 3385 1444 3434 contem-

230 3454 231 3457 *
258 3474 345 3525 covet
357 3468 457 3543 your's
467 3466 484 3523 !'
503 3464 596 3524 Recte
609 3465 673 3524 haec
687 3486 704 3523 a
717 3464 828 3523 Bothio
875 3460 976 3538 platnr
986 3463 1011 3518 !”

257 3559 419 3636 Congrioni
430 3558 615 3629 tribuuntur,
628 3560 723 3617 multo
738 3559 826 3637 quip-
915 3573 982 3634 391.
1023 3563 1109 3643 Qua]
1155 3567 1279 3627 ‘Whatl
1305 3590 1364 3649 you
1389 3571 1442 3629 ask

255 3673 295 3731 pe
315 3652 385 3731 plus
407 3652 474 3711 salis
497 3652 539 3710 sic
560 3652 637 3711 inest
657 3653 768 3721 verbis,
792 3663 827 3711 ut
875 3659 948 3729 that,
970 3660 1038 3717 who
1061 3659 1137 3720 have
1167 3663 1244 3720 been
1273 3666 1398 3743 making
1426 3688 1443 3724 a

256 3750 310 3827 qui
324 3770 402 3819 vasa,
418 3749 539 3818 cultros,
553 3759 583 3808 et
596 3758 701 3809 caetera
714 3750 824 3808 instro·
875 3754 1088 3831 thoroughfare
1107 3755 1143 3812 of
1165 3776 1256 3835 every
1278 3760 1358 3817 nook
1384 3760 1443 3817 and

256 3855 357 3903 menta
380 3844 523 3905 culinaria
543 3844 576 3903 in
600 3845 687 3914 aedes,
705 3864 826 3905 aranea-
875 3867 979 3905 corner
991 3848 1023 3904 in
1036 3868 1088 3925 my
1101 3847 1220 3907 honaei’
1243 3851 1359 3910 Eadem
1373 3873 1442 3912 con-

256 3959 325 3998 rnm
345 3950 462 3999 tantum
481 3940 594 4018 plenas,
614 3940 786 4019 portaverit.
875 3941 999 4000 structio
1011 3943 1249 4020 quaelnfra506.

296 4089 336 4101 —
376 4055 462 4115 Seio:
485 4076 520 4113 ne
537 4056 621 4115 doce!
643 4054 745 4133 nonii]
780 4055 825 4114 ‘O
913 4061 980 4123 393.
1020 4054 1060 4111 Id
1077 4053 1125 4111 ubs'
1142 4054 1195 4113 tibi
1211 4065 1274 4115 erat
1293 4059 1441 4137 negotium,

257 4168 320 4226 yes,
340 4148 397 4207 I'm
413 4150 561 4228 perfeetly
575 4170 671 4209 aware
686 4151 722 4209 of
734 4150 800 4209 that
808 4151 826 4207 i’
874 4148 953 4226 etc]
990 4148 1042 4206 ‘If
1049 4170 1111 4227 you
1123 4149 1183 4209 had
1196 4153 1323 4230 stupped
1336 4155 1378 4231 by
1391 4154 1442 4212 the

258 4244 335 4302 Haec
351 4244 551 4322 pulcherrime
566 4247 738 4325 exprimunt
758 4265 824 4305 sen·
875 4244 937 4313 fire,
951 4265 983 4303 as
996 4266 1056 4305 was
1068 4266 1145 4324 your
1157 4248 1309 4308 business?
1343 4250 1377 4307 Si
1391 4270 1442 4309 cu-

257 4337 381 4396 tentiam
400 4338 537 4408 hominis,
558 4341 611 4417 qui
629 4340 724 4417 palam
744 4349 773 4399 et
787 4338 825 4398 ad
874 4361 954 4399 rares
968 4343 1135 4419 coquinam,
1151 4346 1228 4404 sicut
1240 4356 1304 4405 erat
1316 4346 1371 4406 tibi
1385 4347 1440 4405 im·
