3250 5217
268 585 333 655 194
682 580 993 646 GL'OSSARIUM

323 800 389 858 755.
436 781 592 880 Ejulas.]
645 795 741 873 Supra
762 801 828 860 575.
850 793 915 853 684.
957 791 1016 852 sed
1034 791 1114 851 vide
1135 793 1165 850 in
1188 793 1270 852 Nota
1284 791 1370 851 crite.

320 985 386 1045 755.
435 967 599 1042 Decumo
625 972 772 1061 mense]
823 979 901 1038 Vide
919 979 1005 1038 Nott.
1020 980 1061 1038 Et
1079 981 1156 1039 conf.
1170 977 1409 1058 Virg.Ecl.1v.

266 1099 315 1160 61.
357 1098 476 1158 “Matri
503 1098 593 1177 longa
624 1100 718 1158 decem
744 1099 879 1158 tulerunt
901 1097 1021 1156 fastidia
1046 1100 1179 1157 menser.”
1207 1099 1227 1157 i.
1241 1119 1267 1158 e.
1291 1098 1410 1177 justum

263 1210 327 1289 jam
346 1219 465 1289 tempus
484 1221 570 1270 utero
590 1211 697 1270 ferenti
717 1210 868 1288 expletum
888 1219 942 1268 est.
980 1210 1039 1269 Ov.
1055 1211 1135 1268 Fast.
1156 1210 1180 1268 1.
1199 1218 1247 1271 33.
1285 1209 1413 1268 “Utere

265 1324 367 1382 matris
389 1324 462 1382 dum
479 1325 603 1402 prodeat
623 1324 730 1393 infans,
760 1324 827 1382 Hoe
847 1341 925 1382 anno
947 1322 1051 1381 statuit
1067 1322 1209 1401 temporis
1225 1299 1410 1381 amisadai

267 1436 286 1494 i.
306 1455 332 1495 5.
361 1435 479 1494 Menses
504 1435 606 1494 decem.
646 1435 692 1493 Id.
719 1433 778 1492 III.
802 1439 867 1492 lssdu
916 1433 1001 1491 “Seu
1022 1433 1093 1511 quia
1115 1431 1158 1490 dis
1186 1432 1271 1511 quino
1299 1431 1411 1490 femina

266 1569 358 1607 mense
376 1549 480 1627 parit.''
528 1549 578 1625 (In
599 1548 650 1607 the
670 1547 755 1606 tenth
777 1545 904 1624 mouth.)
948 1545 994 1605 Id.
1017 1546 1090 1605 Met.
1109 1546 1197 1604 VIII.
1218 1552 1284 1605 500.
1325 1543 1411 1601 “Bia

265 1680 389 1718 55555555
413 1657 536 1739 quinque
561 1659 702 1719 labores.”
727 1657 783 1716 IX.
812 1657 880 1717 286.
930 1659 1038 1717 “Cum
1060 1659 1124 1738 jam
1155 1657 1261 1716 natalis
1294 1632 1410 1715 adesset

266 1769 418 1839 Herculis,
452 1778 482 1828 et
507 1768 642 1828 decimum
669 1778 856 1847 premeretur
881 1768 976 1829 sidere
1000 1770 1145 1847 5135555.η
1187 1769 1257 1827 Ter.
1280 1769 1357 1828 Her.
1371 1767 1409 1826 V.

266 1901 316 1940 111.
335 1890 382 1942 24.
423 1890 442 1916 “
451 1880 571 1941 Abhinc
590 1901 697 1939 menses
715 1881 808 1939 decem
823 1880 921 1958 sere.'’
961 1881 1022 1942 Ubi
1040 1882 1078 1941 de
1096 1881 1194 1959 puella
1212 1880 1316 1939 furtim
1329 1898 1409 1938 eom·

264 2015 375 2075 pressa,
401 2004 437 2053 ut
461 2005 563 2054 nostro
588 1994 663 2064 loco,
699 2014 794 2053 sermo
825 2006 878 2054 est.
928 1995 1012 2054 Nost.
1040 1993 1151 2072 Amph.
1179 2001 1246 2054 328.
1296 1992 1410 2054 “Alter

263 2118 332 2187 post
356 2127 450 2166 menae
474 2107 589 2166 decumo
614 2117 750 2167 nascetur
776 2086 873 2187 puer,¹
889 2109 988 2180 Quam
1015 2108 1203 2169 seminatus.”
1253 2106 1315 2165 Ubi
1337 2125 1408 2164 con·

265 2219 388 2281 structio
405 2229 459 2288 est,
477 2217 583 2277 devino
602 2238 694 2277 mense
712 2227 776 2298 post
796 2241 882 2299 quam
901 2220 1058 2278 seminatur
1076 2228 1127 2279 eat.
1160 2221 1206 2279 Ib.
1220 2226 1286 2280 518.
1327 2219 1408 2277 “Ad

263 2353 370 2411 aquam
408 2331 599 2410 praebendam
636 2333 825 2393 commodum
859 2333 966 2392 adveni
1005 2332 1137 2403 domum,
1179 2333 1307 2391 Decumo
1342 2339 1408 2411 port

264 2446 380 2504 menae.’'
420 2445 511 2516 Quod
533 2445 570 2504 de
589 2465 690 2504 mense
706 2445 820 2514 affecto,
840 2466 901 2503 non
921 2456 1033 2514 exacto,
1055 2444 1169 2504 dietum
1192 2465 1265 2514 esse,
1285 2453 1409 2522 apparet

264 2579 301 2618 ex
317 2559 416 2637 priore
436 2579 524 2619 versu
550 2559 685 2639 ejusdem
706 2559 826 2629 fabulae,
843 2559 906 2639 jam
928 2559 1135 2640 supracitato.

327 2760 377 2770 -
432 2717 630 2792 Numerum
667 2721 779 2816 rape]
833 2724 1003 2791 Calculote
1033 2729 1087 2790 the
1114 2727 1259 2790 number.
1320 2735 1407 2794 Men·

265 2845 350 2912 sium,
369 2844 488 2904 scilicet.
527 2845 642 2903 Profert
658 2845 765 2902 Lanu:
781 2843 869 2902 Non:
883 2847 959 2924 Cap.
972 2847 1028 2908 IV·
1043 2856 1089 2913 57·
1105 2847 1186 2906 hune
1202 2848 1301 2906 locum
1314 2851 1407 2909 citan.

264 2969 343 3030 tem;
375 2970 405 3018 et
432 2959 547 3018 confert
575 2958 683 3018 Pseud.
711 2965 776 3027 595.
824 2956 897 3016 “Ut
926 2979 982 3038 ego
1009 2959 1103 3018 555115
1134 2959 1269 3020 rationem
1299 2961 1409 3040 capio.”

265 3072 285 3131 i.
299 3093 325 3132 e.
349 3071 473 3150 occipio,
495 3071 612 3148 colligo.

320 3247 385 3306 757.
434 3227 640 3327 Expone]
691 3244 771 3303 viee
788 3245 879 3304 Noe:
909 3247 1001 3306 cett:
1039 3247 1193 3307 verbam
1215 3247 1312 3318 cruta,
1327 3257 1406 3317 sunt,

266 3362 314 3418 ”oe
331 3360 437 3418 transit
460 3360 491 3416 in
513 3357 524 3416 1
543 3359 730 3436 productam,
758 3372 792 3419 ut
813 3382 919 3439 putero,
941 3362 1070 3440 inquiro,
1090 3363 1223 3440 exquiro.
1254 3362 1408 3441 anuoero,

266 3475 364 3533 Plaut.
394 3473 425 3531 in
452 3472 522 3530 Α51.
555 3472 724 3531 Priscianus
731 3494 740 3542 ;
773 3473 820 3531 511.
841 3474 871 3531 h.
886 3482 930 3532 t.“
970 3473 1050 3532 citat
1075 3474 1171 3532 Hane
1199 3476 1284 3552 Capt.
1307 3475 1349 3532 11.
1373 3495 1407 3534 11.

265 3597 313 3648 43.
354 3587 499 3645 “Eadem
519 3606 576 3663 ego
595 3602 631 3644 ex
652 3585 718 3653 hoe,
746 3605 813 3662 quae
838 3586 914 3654 volo,
941 3586 1156 3665 erquoesivero.”

330 3788 379 3800 —
436 3738 546 3812 Perii
559 3733 717 3835 oppido]
771 3752 869 3829 Supra
887 3752 953 3813 364.
974 3751 1041 3813 685.

320 3941 387 4001 758,
437 3922 546 3996 Malae
562 3915 647 4009 rea]
689 3926 920 4011 Misfortunes.
975 3936 1133 4008 Proventu,
1147 3939 1317 3998 infortunia.
1353 3941 1408 3999 Su-

267 4077 322 4134 pra
343 4063 409 4122 437.
431 4055 468 4112 G.

322 4229 390 4295 760.
436 4218 481 4291 In
509 4215 626 4308 vado]
677 4232 756 4292 Vide
779 4234 861 4291 Nott.
906 4235 1080 4313 Metaphora
1100 4248 1198 4297 autem
1220 4249 1356 4296 nontam
1373 4238 1412 4298 de

268 4352 336 4410 navi
358 4370 448 4428 quam
471 4350 508 4408 de
530 4353 684 4430 naufrago,
712 4352 859 4429 siquidem
879 4353 963 4411 navis
983 4354 1169 4432 potissimum
1191 4357 1221 4414 in
1236 4357 1327 4422 vadis,
1341 4356 1370 4413 h.
1385 4378 1411 4415 e.
