3250 5217
242 598 307 661 100
654 594 703 656 Μ.
728 596 771 657 Α.
796 592 983 658 PLAUTI

245 788 324 863 LY.
341 787 442 874 *Quia
459 787 534 859 vini
552 787 651 872 vitio,
675 797 783 882 etque
800 786 928 859 omorio
944 784 1022 860 feci.

931 910 1006 983 Eo.
1034 910 1157 983 Homo
1175 910 1428 993 audeoissume,

341 1047 435 1123 Cum
472 1050 561 1121 istae
600 1057 637 1120 te
676 1048 835 1120 oratioue
873 1045 943 1121 huo
978 1046 1023 1119 ad
1058 1071 1116 1119 me
1153 1046 1250 1119 edire
1289 1070 1428 1129 ausum,

488 1180 694 1275 impudens!

342 1300 437 1376 Nam
461 1304 491 1376 si
515 1305 609 1378 istuc
629 1306 690 1399 jus
712 1314 777 1386 est,
803 1318 846 1393 ut
871 1312 913 1375 tu
937 1302 1029 1374 istuc
1054 1327 1220 1375 excusare
1244 1301 1394 1398 possies:

343 1429 444 1502 Lnoe
469 1427 561 1501 claro
586 1428 800 1525 deripiamus
826 1451 949 1499 aurum
978 1426 1146 1498 matronis
1171 1425 1312 1523 palam3
1370 1439 1426 1497 705

342 1552 429 1626 Post
454 1552 493 1624 id
517 1552 547 1624 si
572 1549 736 1648 prehensi
760 1552 881 1636 simus,
917 1574 1142 1624 excusemus:
1174 1542 1290 1622 ‘ebrios

342 1676 421 1750 Nos
455 1675 587 1760 fecisse,
625 1676 752 1749 amoris
784 1702 898 1748 eausa.
950 1672 1072 1745 Nimis
1108 1673 1179 1746 vile
1216 1686 1270 1746 est
1303 1675 1425 1745 vinum

492 1812 599 1898 etque
624 1826 732 1886 emor,

291 2041 311 2068 v:
323 2031 363 2074 m
388 2032 452 2077 Atque
465 2038 506 2067 oss.
531 2029 564 2068 lta
574 2035 646 2069 omnes
656 2029 734 2076 Nostri,
745 2034 820 2078 preter
838 2030 863 2076 A,
881 2027 917 2069 ubi
928 2034 958 2069 eet
969 2032 988 2069 et
998 2040 1038 2069 om·
1052 2027 1120 2077 tuque
1136 2026 1186 2067 Edd.
1205 2028 1260 2068 Vett
1277 2028 1319 2066 Bo:
1335 2026 1427 2073 vitioque.

244 2094 330 2137 -700
356 2094 407 2131 mm
417 2093 470 2131 ἰτέαι·
487 2093 510 2137 le,
528 2092 582 2131 lise
599 2091 640 2130 nisi
651 2092 706 2141 quod
717 2094 735 2131 ts
748 2093 811 2141 (quod
822 2092 928 2131 elisionem
939 2103 982 2131 non
994 2092 1077 2142 petitur)
1090 2094 1146 2132 obest
1163 2094 1190 2131 sb
1205 2102 1248 2131 uno
1265 2092 1288 2129 B.
1301 2093 1430 2133 e-Ausssm,

244 2156 299 2196 varie
314 2155 337 2194 in
348 2156 410 2195 codd,
429 2155 508 2204 legimur,
525 2155 596 2200 omn,
612 2165 689 2202 aurun,
707 2156 782 2203 omiss,
799 2155 834 2195 sed
848 2165 924 2195 omum
941 2155 1001 2195 unite
1016 2156 1189 2200 Μαι-’700
1210 2156 1323 2199 lemaro,
1344 2156 1432 2200 quatuor

245 2219 315 2259 Nostri
325 2218 393 2259 codd:
410 2219 461 2258 dent
471 2218 583 2260 amris
599 2220 620 2257 et
635 2218 665 2257 iu
679 2218 742 2257 etism
757 2219 811 2265 Ei,
832 2229 858 2257 ex
874 2218 991 2267 corrigentis
1002 2229 1079 2267 ωας
1097 2218 1131 2258 sed
1146 2219 1234 2259 alterum
1248 2217 1327 2266 reliqui,
1343 2219 1364 2255 et
1377 2214 1428 2252 ΕΜ.

244 2285 300 2336 quod
313 2285 482 2335 melius-Neget
500 2285 569 2324 lise!
584 2295 627 2323 ems
643 2285 696 2324 moe
711 2285 733 2323 in
750 2286 818 2333 listis,
835 2289 856 2324 et
870 2285 952 2333 oonjioit
966 2288 991 2325 ot
1002 2288 1020 2324 ts
1030 2286 1060 2325 eto
1071 2286 1191 2335 legendum:
1207 2284 1306 2333 Equidem
1317 2284 1340 2321 in
1352 2282 1432 2321 Nostris

245 2345 307 2388 codd,
322 2348 398 2394 inveni,
415 2352 436 2387 et
450 2346 536 2386 omnino
551 2348 680 2387 retinendum
694 2348 861 2392 oensem—706.
882 2348 938 2388 Loro
948 2341 1011 2395 elor'o,
1027 2348 1060 2388 lie
1074 2348 1134 2397 plene
1150 2348 1173 2386 Β.
1189 2350 1205 2387 1.
1226 2348 1260 2387 sed
1274 2356 1346 2387 omues
1360 2344 1432 2393 reliqui

247 2410 323 2458 Nostri,
342 2414 364 2449 et
378 2413 418 2449 tres
435 2409 511 2450 vinde
538 2406 593 2449 tue
608 2410 675 2449 eluro.
700 2409 755 2449 citet
768 2410 849 2449 Nonius
867 2411 930 2457 olerro,
950 2420 1012 2458 quem
1027 2410 1118 2449 laudavit
1139 2415 1185 2459 post
1205 2411 1255 2450 ulios
1276 2410 1352 2449 Hune.
1379 2406 1431 2446 Vide

244 2473 373 2513 elom-Sex
384 2473 446 2511 codd
463 2473 595 2519 diripiamus,
613 2472 647 2511 sed
661 2472 754 2518 alierum,
775 2473 831 2520 quod
845 2473 895 2512 dunt
909 2472 988 2523 reliqui,
1005 2478 1026 2512 et
1040 2473 1090 2512 lldd.
1108 2471 1172 2521 vett,
1192 2474 1358 2518 melinum-706.
1383 2474 1431 2511 Pro·

147 2558 154 2576 .
245 2538 308 2583 mom,
324 2537 386 2585 plane
398 2536 425 2575 V.
438 2538 457 2583 ³,
473 2540 494 2575 et
509 2540 596 2584 quemor
610 2535 677 2574 Nostr.
696 2541 718 2575 et
731 2536 758 2574 Η.
771 2538 789 2582 2,
809 2541 918 2577 contracte.
944 2538 1022 2584 Proust,
1035 2537 1113 2587 reliqui,
1127 2537 1166 2577 nisi
1181 2537 1236 2586 quod
1252 2539 1270 2577 A
1286 2539 1348 2577 hebet
1364 2538 1389 2575 do
1399 2546 1434 2575 su-

244 2601 353 2651 perscript:
367 2603 391 2638 ut
405 2599 432 2638 sit
445 2600 624 2648 ‹reprom-uum
635 2600 705 2645 mnus,
722 2599 748 2637 R
758 2600 775 2636 l.
789 2600 812 2638 B.
822 2601 841 2639 b.
867 2600 948 2650 Reliqui
960 2610 1031 2639 omnes
1042 2605 1063 2640 et
1074 2601 1141 2639 Nosti.
1158 2605 1180 2640 et
1194 2601 1269 2640 Vindd.
1286 2611 1362 2647 nemus,
1377 2599 1432 2649 quod

245 2670 335 2705 metrum
348 2673 392 2702 non
405 2663 450 2701 fert.
475 2663 518 2702 Bos
531 2662 642 2709 messus.
661 2662 711 2701 ΔΜ.
725 2666 748 2702 et
759 2663 827 2701 Perm.
844 2664 1003 2709 simun—407.
1016 2664 1145 2714 Hoosoolsm
1163 2664 1191 2705 Η.
1205 2667 1221 2703 l.
1238 2665 1273 2704 sed
1287 2665 1395 2703 manifesto
1411 2663 1434 2701 li·

245 2725 307 2766 orarii
321 2736 394 2771 errore,
409 2725 509 2773 siqmdem
523 2725 597 2764 littere
618 2725 638 2763 Η
654 2730 675 2765 et
690 2725 710 2763 N
726 2726 748 2764 in
765 2726 848 2775 Scriptis
864 2726 975 2767 simillime
990 2732 1044 2774 sunt,
1065 2728 1176 2777 presertim
1191 2729 1213 2767 in
1228 2728 1288 2767 initio
1303 2738 1377 2775 versus,
1393 2736 1433 2765 nee

246 2790 336 2829 multum
354 2788 430 2828 distent
446 2797 457 2827 o
471 2793 492 2828 et
506 2799 517 2828 s
532 2788 568 2827 ubi
582 2788 605 2826 in
621 2789 703 2837 seriptis
717 2788 972 2829 exhibentem-ceterum
987 2790 1041 2829 mele
1058 2790 1080 2837 0,
1097 2793 1116 2829 et
1126 2791 1204 2829 amoris
1220 2800 1290 2837 oouso,
1308 2801 1355 2830 cum
1371 2790 1433 2837 longe

245 2854 291 2903 plus
302 2852 373 2891 ironisr
382 2852 432 2891 insit
444 2852 509 2891 verbis
519 2851 563 2890 sine
573 2852 647 2900 «somn
657 2852 834 2898 eddius-Nini,
855 2853 923 2892 solete
937 2852 1005 2893 littere
1019 2852 1057 2892 ult
1073 2852 1296 2901 pronuntiandam
1307 2864 1350 2893 non
1357 2856 1433 2892 temere

247 2913 301 2964 uu
317 2918 353 2956 ont
367 2918 417 2956 osu
430 2926 469 2967 pro
483 2905 528 2962 uu,
544 2916 580 2955 no
593 2916 634 2956 noe
648 2916 803 2965 preterendum,
820 2917 880 2965 auus
895 2918 1081 2966 inerpretationem
1097 2916 1143 2955 vioe
1157 2917 1179 2955 in
1190 2916 1248 2956 note

248 3110 359 3170 ‘what
379 3110 514 3169 business
533 3111 604 3170 then
623 3110 684 3169 had
705 3128 766 3188 you
784 3121 815 3168 to
864 3110 927 3169 tivo
936 3104 1075 3188 reperias.
1104 3109 1286 3189 Exemplum
1300 3109 1432 3170 habesin

247 3208 297 3285 loy
310 3206 405 3265 hands
418 3226 456 3264 on
467 3206 548 3264 what
560 3219 620 3264 was
634 3202 714 3265 mine
727 3208 814 3266 with-
864 3207 936 3265 initi
957 3196 1110 3284 Aristoph.
1131 3206 1210 3264 Avv.
1227 3212 1311 3271 5-7.

249 3311 302 3361 out
324 3320 375 3377 my
397 3310 518 3359 consent
526 3303 549 3357 ?'
588 3298 636 3359 De
663 3311 813 3361 construc-

247 3396 328 3453 tione
347 3388 428 3451 Vide
450 3393 546 3470 Supra
563 3400 630 3460 877.
669 3394 816 3471 intelligit

249 3500 349 3548 autem
368 3488 452 3545 odam
469 3486 584 3558 Euclio,
601 3488 727 3567 puellam
745 3510 814 3549 con-

249 3597 296 3644 tra
314 3582 492 3662 Lyconides.
905 3592 970 3653 707.
1006 3584 1102 3643 Nimis
1115 3586 1170 3645 vile
1186 3596 1236 3657 est,
1249 3586 1323 3667 eto]
1358 3587 1433 3656 ‘Oh,

288 3686 355 3745 703.
401 3676 472 3736 Cum
507 3677 581 3736 istoc
614 3685 642 3735 te
678 3678 815 3749 oratione,
865 3679 942 3738 wine
969 3678 1028 3738 end
1054 3680 1121 3739 love
1148 3701 1198 3740 ore
1226 3681 1286 3739 had
1311 3682 1357 3739 far
1384 3692 1435 3739 too

972 3332 1007 3378 τὸ
1023 3334 1043 3379 δ’
1059 3332 1101 3390 ἐμέ
1103 3365 1157 3378 ......
1159 3332 1195 3377 ‘r'd
1210 3332 1230 3378 δ’
1244 3332 1287 3389 ἐμὲ
1289 3364 1343 3375 ......

864 3447 895 3496 et
907 3437 1017 3515 passim
1030 3438 1111 3515 apud
1126 3438 1269 3497 Comicos.

194 3767 198 3775 ’
249 3773 323 3851 ete]
358 3772 441 3830 ‘The
454 3772 632 3850 impudence
646 3773 681 3829 of
696 3772 747 3831 the
760 3772 815 3831 fel·
865 3774 958 3854 oheap
978 3774 1007 3833 if
1021 3775 1109 3835 that's
1121 3776 1172 3835 the
1186 3780 1269 3837 case?
1310 3778 1433 3837 Senten-

248 3865 323 3927 lowl
364 3865 411 3924 To
423 3866 511 3926 think
524 3868 560 3924 of
575 3885 652 3945 your
665 3867 772 3944 during
784 3877 815 3925 to
864 3870 906 3928 tia
927 3882 980 3939 est,
1003 3871 1124 3929 Curione
1146 3892 1209 3930 esse
1230 3872 1350 3941 debent,
1372 3872 1435 3933 imo

250 3981 334 4023 come
354 3975 386 4023 to
407 3984 455 4023 me
476 3963 548 4021 with
572 3963 645 4023 such
666 3985 684 4023 a
703 3964 761 4022 tole
784 3955 819 4023 as*
865 3966 986 4023 maximi
999 3966 1097 4045 pretii,
1119 3966 1223 4025 vinum
1239 3979 1329 4046 atque
1342 3988 1435 4037 amor,

248 4057 308 4114 this
320 4058 337 4114 l'
378 4056 558 4117 Particulam
571 4057 656 4116 need
669 4057 816 4136 ejusmodi
866 4060 890 4118 si
914 4071 996 4119 tanta
1019 4062 1097 4119 bona
1120 4082 1290 4141 comparere
1314 4073 1435 4140 queant,

249 4152 483 4230 indignationem
508 4155 732 4233 exprimendam
758 4156 816 4213 ele·
866 4167 901 4215 ut
926 4157 1049 4235 impune
1082 4158 1170 4217 liceat
1201 4158 1311 4219 amanti
1344 4169 1436 4236 atque

250 4260 356 4327 gauter
369 4262 514 4329 usurpant
527 4252 636 4322 Latini,
646 4253 698 4310 ubi
711 4252 817 4311 Graeoe
867 4250 950 4309 ebrio
963 4252 1108 4329 quicquid
1122 4252 1188 4311 vult
1199 4252 1314 4331 peccati
1327 4253 1435 4312 admit-

252 4340 411 4410 srticulum
422 4354 562 4401 neutrum
583 4342 621 4401 τό
636 4364 705 4403 oum
718 4344 816 4403 inlini·
867 4358 937 4406 tere.
