3250 5217
646 594 950 661 AULULARIA.'
1330 592 1396 661 109

208 788 287 867 ΙΝ.
306 787 417 863 Certo
438 790 534 863 euim
556 815 623 888 ego
645 813 765 862 vooem
787 785 854 861 hie‘
866 788 1046 886 loquentis
1067 788 1172 861 modo
1196 812 1252 860 me
1272 786 1394 859 audire

455 914 551 987 visus
576 938 666 986 sum.
1254 896 1256 901 ,

1145 998 1146 1005 ‘
1182 1036 1246 1110 sn.
1273 1036 1394 1110 Hem!

306 1165 497 1241 Herumne
512 1193 579 1265 ego
596 1167 728 1263 aspicio
745 1168 895 1240 meum?

448 1291 526 1365 LY.
543 1291 661 1367 Video
676 1317 741 1388 ego
759 1290 955 1364 Strobilum
972 1315 1077 1374 nuno,
1096 1313 1229 1363 servom
1246 1291 1394 1361 meum?

209 1412 274 1487 ST.
308 1414 413 1510 Ipsus
438 1424 504 1487 est.

432 1538 509 1612 LY.
529 1538 746 1612 Haud'nlius
762 1548 829 1611 est.

704 1663 768 1737 ST.
785 1660 1016 1761 Congrediar.
1417 1750 1419 1755 Ι

918 1786 996 1861 LY.
1016 1788 1215 1863 Contollam
1234 1790 1395 1887 gradum.

309 1914 427 1988 Credo
447 1941 514 2013 ego
535 1915 652 2000 illum,
681 1925 724 1988 ut
740 1916 844 2011 jussi,
869 1939 1009 2012 eampse
1028 1939 1135 1988 anum
1152 1915 1267 1989 adisse
1290 1914 1398 2012 hujus

457 2040 633 2113 nutricem
653 2038 813 2136 virginis.
1339 2057 1393 2114 771

211 2164 276 2239 Su.
311 2165 413 2252 Quin
436 2192 502 2264 ego
527 2166 583 2238 illi
607 2191 663 2238 me
689 2166 866 2240 invenisse
883 2165 961 2238 dioo
985 2164 1076 2239 hane
1100 2164 1266 2263 praedam,
1290 2175 1398 2263 atque

457 2293 629 2389 eloquor?

256 2498 276 2524 v.
287 2486 330 2530 tm
353 2485 394 2525 Hie
408 2496 477 2525 rems
485 2496 552 2534 usquo
563 2485 590 2525 ed
602 2486 682 2535 oenteio
692 2494 760 2524 mne
773 2484 865 2525 suobilo
878 2484 1011 2524 oontinustur
1022 2486 1077 2534 opud
1088 2495 1160 2525 omues
1172 2494 1223 2535 quoe
1235 2486 1276 2525 vidi
1287 2486 1350 2525 codd.
1363 2484 1398 2524 sed

210 2549 271 2589 aliter
285 2548 342 2588 Libri
357 2547 557 2595 solumbonum
569 2549 614 2588 Bo:
629 2553 709 2588 senium
719 2548 861 2592 mnu—tm
874 2548 936 2587 codd.
952 2558 1030 2595 omues,
1044 2549 1139 2589 etNoetr.
1153 2553 1175 2589 et
1187 2549 1263 2589 Viudd.
1277 2548 1354 2589 hubent
1364 2560 1400 2599 eoo

211 2612 303 2660 amicior
320 2621 359 2651 nee
371 2612 432 2651 video
446 2621 483 2650 our
497 2621 532 2661 eoo
546 2612 574 2651 ob
588 2615 678 2651 metrum
692 2610 815 2658 elimium,
832 2610 931 2659 siquidem
945 2610 967 2649 'rn
981 2610 1099 2660 hujusmodi
1114 2612 1179 2651 suenio
1190 2612 1214 2651 nt
1227 2617 1251 2651 ut
1264 2613 1326 2651 verbo
1338 2612 1399 2651 solito

210 2676 296 2715 celerius
309 2677 448 2716 enuntientur.
473 2675 532 2714 Prius
546 2674 608 2725 igion
622 2684 657 2724 eoo
671 2678 693 2715 et
707 2674 787 2713 ’nem
801 2674 872 2723 rapide
886 2674 1030 2723 pronuntient
1046 2680 1068 2715 et
1083 2676 1140 2725 prius
1154 2686 1221 2715 meum
1235 2686 1273 2725 pro
1288 2676 1397 2725 monosyll.

211 2739 377 2779 habeon-tum
392 2740 435 2779 tere
445 2750 518 2779 ornnes
530 2738 581 2778 deut
597 2740 659 2778 Video
670 2749 705 2788 syo
718 2749 775 2779 nuno
790 2740 832 2778 Str.
847 2749 863 2778 s.
878 2749 905 2777 m.
929 2739 990 2777 Unus
1004 2742 1093 2785 tuntum,
1106 2741 1128 2786 c,
1143 2740 1221 2780 omittit
1233 2750 1303 2783 mooe
1317 2744 1340 2783 et
1351 2744 1398 2787 tres,

212 2803 569 2853 R1.H.26‚dsnt,t⁷idoosm
582 2813 645 2842 suno
670 2801 731 2841 Unde
744 2802 847 2841 levissima
861 2801 1017 2850 transpositione
1029 2806 1111 2842 textum
1125 2803 1210 2842 confeci.
1235 2802 1325 2853 Longius
1337 2802 1373 2842 olii
1387 2813 1401 2842 o

211 2865 295 2914 Scriptis
307 2866 445 2912 diffluunt,
458 2866 493 2905 sed
505 2865 536 2904 nil
548 2865 693 2915 opns-um.
707 2866 773 2903 Haud
786 2864 843 2907 oliuo
853 2867 888 2909 eet,
902 2864 935 2903 Its
945 2863 1014 2913 plures
1025 2864 1088 2903 codd
1101 2867 1124 2905 st
1134 2864 1161 2903 V.
1171 2866 1189 2903 1.
1200 2870 1222 2905 et
1233 2869 1320 2914 quotuor
1330 2864 1398 2905 Noetu.

204 2930 280 2972 flauo
289 2930 355 2976 diuo,
367 2930 484 2969 omissum.
509 2929 563 2975 v.s,
575 2933 598 2969 et
607 2929 650 2967 duo
659 2928 727 2967 Nan.
743 2928 796 2967 Ino
810 2927 835 2965 Β.
846 2928 863 2973 l,
876 2928 942 2967 Haud
953 2928 1012 2967 oliuo
1019 2929 1142 2973 osb—771.
1155 2930 1251 2977 Rumpor,
1264 2929 1331 2969 Uulne
1343 2929 1370 2968 Η.
1379 2931 1398 2968 9.
1479 2941 1482 2947 ·

211 2995 234 3031 et
241 2994 267 3039 A,
280 3004 307 3032 ex
318 2992 447 3033 correctione.
472 2992 544 3031 Ceteri
550 3002 596 3032 oues
603 2994 632 3032 ud
641 3002 662 3031 es
669 3000 740 3030 amon
765 2990 833 3038 Unus,
845 2990 867 3036 0,
880 3000 925 3029 eom
934 2992 962 3029 ad
973 2992 1097 3030 sero-m
1107 2992 1180 3039 Misce,
1192 3002 1269 3039 omnes,
1282 2997 1307 3032 ut
1313 2994 1396 3041 mee,

213 3054 279 3103 snpra
288 3055 329 3093 toti
354 3054 413 3093 Prior
422 3053 467 3101 syll.
480 3044 527 3088 τοῦ
537 3054 597 3092 mom
607 3052 727 3102 oorripinm
737 3061 818 3099 rumore
829 3040 1002 3099 δισυλλάβως
1012 3053 1245 3101 pronuntians-772.
1257 3054 1312 3094 Mes
1324 3056 1379 3095 ubo.
1385 3082 1400 3095 ..

211 3120 273 3165 atque
284 3119 374 3165 domur,
386 3116 471 3163 soloeoe3
487 3116 616 3165 eeddoquor
631 3120 700 3155 orsum
714 3118 782 3154 estex
796 3124 855 3153 versu
867 3126 921 3164 sequ.
946 3115 1013 3155 Unioe
1026 3116 1075 3162 Rs,
1088 3117 1157 3157 duom
1157 3143 1220 3155 ......
1227 3119 1288 3167 auree
1303 3120 1400 3167 donuae,-

209 3178 466 3226 sedmetiorindiostivus,
478 3180 601 3219 etdede
614 3179 670 3219 veo

253 3321 320 3389 768.
362 3321 447 3381 Certo
473 3319 556 3391 enim,
580 3322 656 3400 eto]
695 3320 783 3380 Nihil
832 3320 1060 3399 longitudinem,
1094 3323 1136 3382 de
1160 3343 1220 3401 qus
1251 3323 1339 3401 plura
1370 3323 1402 3383 in

213 3418 304 3477 habet
324 3416 363 3475 w*
384 3416 457 3475 enim
481 3417 529 3476 oui
549 3418 704 3487 referatur,
725 3416 782 3476 nisi
835 3420 914 3478 Men.
936 3418 1001 3491 649.
1042 3420 1114 3478 Non
1138 3440 1209 3479 vero
1231 3430 1293 3479 tam
1313 3419 1403 3499 longa

210 3503 268 3591 ¹per
300 3512 418 3591 ellipsin
447 3513 622 3572 sententium
654 3513 782 3592 explens,
833 3513 892 3572 fuit
906 3533 1002 3583 werra,
1018 3534 1107 3591 quarn
1122 3524 1185 3573 arte
1198 3511 1327 3593 quodam
1341 3515 1401 3573 sin·

213 3618 275 3678 aut,
297 3607 379 3684 quod
396 3617 441 3665 est
456 3607 571 3677 melius,
587 3614 699 3685 gestum
721 3608 782 3685 Ly·
832 3607 929 3684 gulari
944 3608 1076 3678 confictu,
1093 3619 1128 3668 ut
1144 3610 1402 3689 spectatoribus,e

214 3699 339 3770 oonidie,
361 3701 461 3759 subito
480 3722 511 3761 se
527 3701 715 3761 dextrorsum
731 3722 783 3760 seu
833 3702 998 3781 longinquo
1014 3724 1068 3782 per
1088 3723 1199 3763 cuneos
1219 3704 1400 3775 sedentibus,

215 3795 416 3856 sinistrorsum
449 3797 657 3866 convertentis,
690 3797 784 3875 respi-
833 3814 949 3859 vastum
959 3812 1117 3861 etenorme
1129 3801 1258 3879 spatium
1268 3800 1402 3861 vicorum

213 3894 283 3952 cios.
321 3891 471 3951 caeterum
483 3912 560 3970 pene
574 3893 708 3971 suspicor
720 3892 786 3952 haee
833 3896 995 3956 ostendere.
1017 3897 1178 3956 videretur.
1218 3896 1402 3975 Exemplum

211 3989 316 4058 -verba,
330 3987 638 4058 udMstorumtidem,
653 3987 785 4046 Strobilo
833 4011 955 4051 cernere
977 4003 1023 4051 est
1044 3993 1134 4053 etiam
1154 3991 1244 4051 hodie
1264 3991 1296 4049 in
1316 3992 1404 4061 Italia

212 4082 501 4151 continuandoesse,
517 4082 581 4160 qui,
598 4082 700 4150 auditu
712 4102 785 4141 voce
832 4086 917 4163 apud
936 4087 1049 4145 Urbem
1075 4085 1207 4154 Vioeozo,
1235 4083 1288 4143 ubi
1308 4096 1405 4145 exstet

211 4200 254 4239 -ex
270 4179 416 4258 proximo,
438 4197 604 4237 sermonem
622 4178 721 4237 subito
739 4178 786 4236 in·
835 4178 994 4248 theutrum,
1017 4178 1157 4237 mutilum
1173 4178 1249 4237 illud
1270 4179 1403 4257 quidem,

216 4273 363 4332 termittit.
402 4272 479 4345 Quae
493 4283 669 4350 sequuntur,
690 4292 787 4350 usque
835 4274 889 4337 sed
902 4273 941 4335 ud
953 4274 1105 4351 antiquam
1118 4292 1252 4332 normam
1265 4276 1404 4347 effictum,

217 4370 256 4429 sd
266 4391 294 4428 v.
306 4378 372 4442 773,
383 4369 493 4429 referas
503 4368 542 4429 ud
552 4390 647 4432 sceuae
655 4370 786 4450 antiquae
831 4370 1092 4449 quemadmodum
1109 4391 1126 4429 a
1140 4370 1281 4434 Vitruvio
1294 4371 1405 4431 deseri-
