3250 5217
281 575 348 639 104

272 767 348 841 Eu.
374 767 483 854 Quid,
499 769 529 840 si
547 766 670 841 fellis?

707 572 755 636 Μ.
780 573 818 637 Α.
845 570 1024 639 PLAUTI

505 892 585 966 Lr.
603 892 698 969 Tum
717 918 774 967 me
789 892 908 977 faeiat,
924 893 1018 990 quod
1034 894 1119 979 volt,
1134 916 1285 993 magnus
1297 894 1455 993 Jupiter.

273 1020 348 1095 En.
372 1019 437 1095 Sat
452 1018 576 1093 habeo.
615 1019 702 1118 Age
715 1042 821 1104 nuno,
836 1018 989 1116 loquere,
1002 1017 1089 1115 quid
1103 1020 1167 1092 ris.

949 1140 1028 1214 Lr.
1047 1142 1086 1217 Si
1103 1168 1161 1217 me
1177 1145 1308 1220 novisti
1324 1146 1454 1228 minus,

369 1269 511 1345 Genere
545 1296 615 1367 quo
653 1271 718 1343 sim
752 1280 907 1369 gnatus:
941 1268 1000 1344 hic
1036 1268 1127 1344 mihi
1160 1281 1215 1344 est
1240 1271 1455 1369 Megadorus

518 1396 731 1482 avonculus3

1397 1410 1453 1469 735

369 1522 479 1597 Meus
504 1522 574 1596 fuit
599 1533 700 1620 peter
724 1517 987 1605 Antimachus;
1015 1546 1080 1618 ego
1104 1546 1205 1594 vocor
1229 1520 1452 1617 Lyconides3

369 1648 491 1722 Meter
508 1660 562 1721 est
580 1647 773 1721 Eunomia.

605 1769 681 1846 En.
699 1768 794 1844 Novi
806 1792 943 1866 genus:
960 1794 1066 1856 nuno,
1082 1769 1170 1869 qnid
1186 1772 1268 1843 vis?

1210 1893 1451 1970 LY.1dvolo
1562 1993 1566 1999 ι

314 2146 332 2175 v.
345 2137 385 2181 733.
411 2137 486 2176 nocem
498 2138 561 2176 nostri
573 2136 640 2175 codd:
660 2137 760 2186 ldsirtlie,
775 2136 849 2174 omisso
859 2136 884 2173 ei.
910 2134 962 2179 nuo,
977 2134 1069 2181 A,}1.³‚
1083 2133 1181 2182 ldsaaeit·
1207 2133 1273 2173 Unice
1284 2133 1307 2175 B.
1317 2145 1335 2179 ι,
1349 2135 1389 2174 lta.
1400 2135 1423 2173 id
1434 2137 1455 2174 ti

263 2199 415 2248 ,mllio—Quod
422 2202 468 2246 nors,
480 2210 551 2240 omues
561 2204 634 2249 preter
644 2200 669 2238 R
679 2201 696 2245 l,
708 2200 744 2239 ubi
755 2201 850 2249 corrupte
856 2198 1022 2247 legittera-m
1037 2198 1092 2245 Qum
1102 2198 1139 2243 vir,
1153 2197 1214 2246 plane
1224 2208 1295 2237 omnes
1302 2197 1372 2237 Nostri
1380 2202 1454 2247 preter

268 2264 290 2310 c,
305 2264 341 2303 ubi
354 2268 385 2304 est
400 2264 498 2312 quioquid
510 2264 547 2310 ote,
564 2270 585 2304 et
599 2269 645 2311 tres,
658 2263 681 2301 Β.
690 2266 708 2310 2,
721 2264 748 2302 Η.
758 2265 775 2310 1,
792 2264 844 2309 M,
858 2262 895 2302 ubi
906 2265 1009 2301 contrecto
1020 2261 1098 2311 legion.
1124 2260 1190 2301 neoc
1202 2262 1252 2300 Edu
1266 2262 1320 2302 Vett.
1345 2262 1454 2310 1³0:un

266 2325 391 2368 eie-7³&
406 2326 457 2373 Quo,
470 2335 541 2364 ornnes
554 2324 629 2363 Nostri.
643 2327 665 2363 et
677 2322 727 2362 Edu
741 2322 796 2363 vet
810 2323 853 2362 Bo:
866 2326 888 2363 et
901 2323 997 2361 Beoeutt:
1012 2322 1121 2370 put-Pro
1132 2322 1178 2368 else,
1195 2321 1245 2368 Bas,
1260 2332 1313 2369 rum,
1327 2323 1454 2363 mirere...-

266 2388 307 2432 m
320 2388 472 2435 nmmum,
486 2388 509 2426 B.
517 2390 623 2427 e-Poter
631 2392 707 2432 eutem,
720 2387 793 2426 ultime
800 2387 904 2435 producte,
917 2386 1062 2435 pronuntianti.
1086 2386 1203 2435 conjecerat
1213 2386 1283 2426 Here
1292 2386 1406 2436 mendum,
1419 2389 1453 2429 vel

266 2450 418 2497 maur,
434 2455 465 2499 (ut
473 2451 527 2490 reru
537 2450 574 2490 IV.
585 2460 611 2490 rr.
619 2452 649 2493 72.
663 2450 713 2499 [m
723 2450 759 2499 B.]
771 2450 942 2491 contueretur)
954 2449 986 2487 rel
999 2450 1057 2487 Meus
1069 2450 1162 2496 cums.
1176 2449 1211 2487 red
1220 2449 1250 2487 nil
1260 2451 1405 2498 opus—7³7.
1418 2451 1453 2493 lte

266 2522 360 2561 persona
367 2512 492 2552 distribuunt
499 2513 553 2552 Mes.
563 2523 640 2558 omnes,
652 2516 674 2551 et
681 2512 748 2551 Nostr.
757 2516 779 2552 et
788 2512 863 2551 Vindd.
885 2512 911 2550 Et
918 2512 947 2551 its
955 2511 1005 2551 Edu
1015 2512 1071 2552 vett.
1086 2513 1154 2559 Nunc,
1162 2513 1213 2561 quie
1221 2514 1269 2552 om
1282 2513 1329 2555 vid.
1339 2515 1403 2563 supro
1411 2516 1451 2555 1³2.

267 2574 314 2613 Duo
327 2574 390 2613 codd.
404 2574 431 2613 Η.
439 2577 457 2621 t,
474 2574 525 2621 M,
539 2576 640 2623 nunquid
654 2574 692 2620 sie,
703 2575 738 2613 sed
750 2578 858 2615 conmoto.
883 2573 913 2613 De
924 2574 963 2613 hec
974 2573 1093 2614 obeuntium
1105 2574 1195 2613 termule
1205 2574 1254 2615 olibi
1266 2575 1329 2615 locuti
1341 2586 1415 2622 sumus,
1430 2580 1452 2616 et

267 2639 335 2678 iocum
347 2638 382 2677 hie
395 2639 469 2677 hebere
483 2649 545 2677 nne
555 2639 643 2687 negnbit,
657 2648 705 2677 curn
713 2638 779 2688 plane,
791 2638 837 2676 euri
845 2636 1020 2686 querendieousa,
1032 2636 1165 2678 mmor,
1174 2638 1259 2677 homine
1268 2639 1385 2689 importuno
1393 2641 1454 2682 vellet

266 2703 344 2743 Euclio.
369 2703 434 2743 Aliter
445 2703 589 2743 ordimveuut
600 2702 641 2742 Bo:
653 2706 674 2743 et
686 2700 864 2742 Remo-Hem
876 2701 929 2741 mele
941 2701 967 2740 Η.
978 2702 994 2747 1,
1009 2703 1053 2751 Epo
1064 2702 1086 2740 id
1098 2702 1142 2741 vole
1153 2710 1237 2743 nermo.

266 2901 353 2960 ‘Nor
376 2900 435 2958 will
457 2920 517 2978 you
542 2919 643 2959 screen
663 2900 714 2959 the
740 2900 834 2959 thies?

265 2997 283 3055 i.
299 3017 323 3055 e.
344 2995 454 3073 Neque
474 2995 572 3053 furem
595 2994 718 3074 recipies
738 2995 777 3054 ed
792 3005 833 3064 te,

265 3098 296 3146 et
308 3086 426 3147 celabis.
457 3086 560 3145 Laron.
592 3088 739 3145 Ceterum
753 3086 833 3144 Non.

264 3178 385 3240 laudato
403 3179 461 3239 hoe
480 3190 575 3249 textu,
595 3180 724 3258 explicat
744 3178 832 3239 Exci-

260 3298 332 3357 pere
348 3298 402 3358 per
415 3296 561 3348 excusare,
582 3278 630 3334 vel
648 3276 759 3335 celare.-
782 3286 832 3335 ‘to

265 3372 374 3432 shelter
382 3395 391 3443 ;
414 3392 446 3430 or
462 3372 613 3432 harbour.'
633 3373 722 3432 etita
734 3374 830 3432 Gloss.

263 3467 295 3525 in
314 3465 387 3524 con
409 3465 450 3525 H.
464 3476 491 3525 2.
532 3467 611 3526 Citet
629 3466 740 3527 Gnorr:
769 3468 831 3527 Cic.

265 3560 324 3620 Pro
345 3560 419 3637 Leg.
443 3560 547 3619 Manil.
575 3560 612 3618 de
639 3560 814 3621 Mithridate
821 3584 831 3631 ;

192 3705 194 3708 .
264 3653 385 3713 “Hunc
405 3654 437 3712 in
456 3654 507 3712 ille
526 3654 599 3732 fuge
616 3655 761 3733 Tigranes
777 3677 830 3716 rex

262 3750 382 3829 excepit,
403 3748 643 3827 diffidentemque
664 3753 754 3810 rebus
769 3752 830 3810 suis

263 3846 473 3906 confirmavit-’⁸
522 3847 600 3905 Nem
632 3848 685 3925 qui
718 3846 828 3928 recipit,

262 3939 314 4000 det
333 3941 432 4000 locum
451 3939 652 3999 delitescendi.

301 4102 366 4159 733.
408 4091 496 4161 Quid,
529 4091 555 4149 ri
570 4089 710 4171 sollici]
749 4092 828 4150 Con-

262 4190 321 4247 fert
340 4188 446 4247 Lm:
468 4187 579 4266 Amph.
599 4195 665 4258 239.

278 4297 316 4344 So.
333 4298 349 4319 ‘⁴
356 4294 429 4353 Quid,
444 4295 464 4343 si
474 4294 557 4342 fellest

312 4372 365 4421 Me.
387 4370 449 4418 Tum
457 4368 750 4419 MercuriosSosiairuu·
758 4369 827 4419 εἰᾶθ’

886 2900 953 2958 Hoc
972 2911 1081 2972 autem,
1106 2901 1178 2959 Tem
1201 2919 1244 2956 me
1254 2898 1366 2976 sociat,
1393 2912 1450 2959 etc.

883 2994 997 3054 dictum
1008 3005 1053 3054 est
1063 2993 1187 3072 εὐφήμως
1200 3014 1264 3073 pro,
1276 2992 1355 3053 Tum
1366 3016 1449 3073 mag·

882 3108 939 3147 nus
962 3108 1009 3148 me
1028 3088 1134 3165 perdet
1147 3088 1274 3166 Jupiter.
1314 3088 1375 3158 Me,
1395 3108 1453 3167 pro

882 3184 913 3243 in
923 3203 974 3254 me,
988 3184 1127 3243 aduersus
1136 3204 1188 3254 mc,
1199 3195 1251 3244 eut
1260 3184 1318 3242 tale
1328 3183 1452 3261 aliquid.

883 3279 964 3337 ‘Let
975 3278 1038 3336 him
1057 3278 1096 3336 do
1110 3279 1183 3337 with
1204 3298 1302 3337 meas
1321 3278 1451 3337 seemeth

880 3387 911 3436 to
929 3375 993 3435 him
1008 3376 1104 3453 good!
1145 3375 1200 3434 Est
1216 3374 1343 3455 duplicis
1363 3394 1450 3435 occu-

881 3469 967 3528 sativi
987 3468 1175 3528 constructio.

921 3588 986 3649 734.
1028 3580 1064 3639 Si
1076 3601 1119 3639 me
1132 3580 1234 3639 novisti
1248 3580 1370 3661 minue]
1409 3580 1449 3641 Id

881 3685 934 3745 est,
950 3674 981 3733 Si
995 3695 1102 3752 parum
1114 3695 1162 3733 me
1175 3674 1283 3733 novisti
1291 3697 1301 3745 3
1316 3676 1341 3733 si
1353 3676 1450 3735 nescis

881 3770 933 3848 qui
947 3770 1013 3839 sim,
1031 3780 1083 3831 eut
1097 3772 1207 3849 quibus
1223 3780 1306 3829 onus
1319 3773 1450 3849 parenti-

880 3866 945 3924 bus.

917 3981 983 4042 737.
1024 3973 1064 4031 Id
1095 3971 1155 4031 volo
1187 3976 1327 4055 noscere]
1377 3975 1449 4035 Le.

878 4069 954 4127 Volo
972 4069 1079 4128 certior
1097 4068 1160 4127 fieri
1178 4069 1252 4146 quid
1269 4080 1302 4129 tu
1321 4071 1394 4130 velis
1411 4069 1450 4129 de

878 4163 939 4222 filia
964 4174 1033 4235 tue3
1065 4165 1207 4224 nimirum
1232 4186 1270 4225 un
1295 4168 1378 4239 mihi,
1410 4188 1449 4227 en

878 4259 1052 4337 Megadoro,
1073 4271 1203 4338 nuptum
1221 4260 1291 4321 dare
1310 4262 1449 4324 destines.

877 4351 939 4413 Sed
959 4353 1028 4414 vide
1047 4356 1079 4414 in
1101 4357 1186 4414 Nott.
1203 4357 1287 4416 Critt.
