3250 5217
576 604 627 666 IN
640 605 990 670 ·AULULAR1AM.
1282 614 1349 682 139

213 790 297 852 Men.
313 802 341 852 2.
355 792 392 850 G.
434 794 510 853 Hor.
524 795 583 854 Sat.
595 795 637 854 11.
655 818 709 857 vn.
722 806 768 857 35.
810 802 915 859 “Cum
928 820 1037 879 magno
1053 800 1179 861 blateras
1196 804 1350 864 clamore.'’

214 902 313 977 (Bawl
327 901 459 980 hastily.)
500 902 549 962 Sic
566 903 662 974 blasio,
677 905 789 985 Amph.
804 916 858 974 471
870 931 880 978 ;
901 918 931 967 et
949 911 1035 970 Cure.
1054 918 1120 973 455.
1162 911 1240 971 “lta
1255 932 1351 991 nugas

213 1020 325 1079 blatis?
359 1022 448 1101 Epid.
466 1031 533 1083 328.
567 1023 721 1104 “Aliquid
742 1026 841 1105 aliquo
867 1030 956 1087 modo
976 1029 1112 1090 alicunde
1137 1034 1174 1091 ab
1203 1033 1352 1112 aliquibus

212 1133 338 1192 Buris?
377 1136 510 1213 (Chatter
530 1137 643 1213 about.)
682 1138 748 1206 Est,
770 1139 812 1198 ait
834 1140 949 1209 Festus,
970 1162 989 1199 a
1004 1142 1110 1201 Graeco
1128 1142 1220 1223 βλάξ,
1240 1144 1352 1204 stultus.

212 1246 292 1305 Non.
315 1247 410 1308 Marc.
450 1249 522 1329 Gap.
537 1272 557 1309 1.
580 1258 645 1310 210.
685 1228 808 1312 ”Beatus
832 1265 861 1313 et
887 1253 1021 1327 blaterue,
1049 1256 1201 1335 confingis,
1229 1250 1291 1316 aut
1305 1258 1350 1317 in-

212 1360 330 1420 condite
351 1372 381 1421 et
402 1363 529 1421 inaniter
551 1364 712 1441 loqueris.“
751 1364 792 1422 Et
815 1364 886 1423 citat
903 1375 1038 1423 nostrum
1056 1365 1164 1425 locum.

264 1561 332 1621 226.
379 1550 506 1644 Pure]
552 1566 676 1624 Videin
689 1566 775 1625 Nott.
789 1566 874 1625 Critt.
915 1566 1064 1627 Caeterum
1077 1569 1240 1647 legendum
1253 1585 1351 1633 censet

207 1706 287 1765 puro
307 1686 418 1746 Noster
442 1688 548 1755 Hans,
572 1688 677 1758 citatis,
700 1688 811 1767 Amph.
830 1687 890 1746 111.
911 1708 946 1746 11.
963 1689 1010 1749 65.
1042 1690 1126 1767 [794.
1148 1692 1203 1771 Β.]
1242 1696 1350 1755 “Jube

210 1816 454 1876 verovusupuru
468 1797 605 1856 adornari
616 1799 717 1856 mihi.”
757 1800 797 1857 Et
812 1800 888 1859 lbid.
902 1800 939 1859 V.
954 1822 973 1859 1.
988 1808 1034 1867 74.
1055 1802 1139 1879 [974.
1154 1801 1210 1883 Β.]
1245 1808 1351 1867 “lube

209 1931 281 1968 oasa
295 1930 375 1988 puro
393 1919 527 1969 actutum
543 1910 680 1969 adornari
697 1910 796 1968 mihi.”
836 1912 879 1971 Et
897 1911 982 1990 Capt.
998 1912 1053 1971 IV.
1073 1934 1108 1972 11.
1128 1922 1173 1974 81.
1194 1915 1280 1993 [788.
1296 1920 1350 1999 B.]

211 2031 233 2058 “
246 2022 322 2081 Vasa
340 2024 398 2082 tibi
414 2044 494 2102 pura
514 2024 649 2102 apparari
669 2023 708 2081 ad
726 2043 790 2083 rem
810 2024 942 2083 divinam
962 2029 1046 2089 cito-’¹

264 2219 331 2270 235.
380 2200 573 2293 Militum]
619 2213 699 2272 Vide
715 2214 801 2274 Nott.
843 2217 989 2310 Perpetuo
1009 2218 1091 2297 apud
1109 2218 1244 2278 Comicus
1264 2220 1349 2278 alios-

210 2356 270 2414 que
282 2334 424 2394 alluditur
437 2334 475 2391 ad
487 2353 600 2392 morem
613 2334 736 2393 bibendi
749 2336 854 2394 vinum
868 2357 935 2395 cum
949 2358 1026 2415 aqua
1039 2336 1238 2397 commixtum.
1269 2338 1351 2397 Hinc

209 2458 241 2507 et
266 2446 444 2525 Metaphora
465 2446 594 2514 ducitur,
624 2446 730 2506 Pseud.
749 2446 798 2508 61.
840 2448 964 2507 “Dulce
987 2469 1169 2528 amarumque
1188 2468 1249 2507 una
1270 2468 1350 2509 nuuc

208 2559 309 2617 misces
327 2559 427 2617 mihi.”

263 2738 330 2799 236.
378 2728 604 2821 Obsonavit]
652 2739 735 2801 Hud
752 2740 871 2821 bought
884 2745 1059 2823 prouisiou.
1109 2753 1189 2811 Men.
1205 2752 1269 2811 126.
1292 2752 1328 2809 G.
1436 2728 1438 2733 ,

264 2949 331 3008 237.
379 2931 587 3024 Tibicinas.]
636 2939 854 3019 Music-girls.
895 2946 971 3017 Quae
988 2967 1055 3006 cum
1074 2948 1147 3007 tibia
1160 2949 1332 3008 cecinerunt
1339 2972 1348 3020 ;
1449 2968 1451 2973 ·

209 3085 264 3143 per
280 3064 385 3133 crasin,
403 3064 488 3142 quasi
506 3061 659 3121 tibiuciuus
665 3083 680 3127 ;
701 3062 781 3121 unde
798 3063 928 3122 secunda
945 3064 1058 3141 syllaba
1076 3066 1261 3143 producitur,
1283 3087 1350 3145 quae

210 3190 312 3240 contra
323 3180 355 3237 in
365 3177 511 3255 fidicinas
531 3176 698 3254 corripitur,
720 3185 824 3253 utpote
842 3173 947 3249 afides
960 3172 1046 3244 -ibus,
1061 3176 1124 3233 sine
1142 3176 1226 3245 crasi,
1247 3176 1349 3235 efficta.

258 3374 324 3425 238.
373 3354 602 3448 obsonium]
649 3366 795 3426 Scribitur
813 3376 843 3425 et
861 3365 1006 3444 opsonium
1012 3389 1026 3433 ,·
1046 3368 1079 3425 iu
1097 3388 1156 3446 qua
1171 3386 1243 3428 voce
1260 3369 1348 3427 Cou:

211 3491 276 3547 Me:
307 3488 454 3548 ”Dicitur
470 3497 501 3546 et
517 3507 604 3566 opsou
622 3498 653 3546 et
671 3486 816 3565 opsonium
836 3486 980 3564 quicquid
997 3488 1105 3546 emitur
1121 3499 1229 3567 praeter
1244 3510 1350 3568 panem

210 3612 241 3661 et
260 3601 394 3660 vinum.“

265 3817 331 3868 241.
377 3798 650 3891 Prostibtllum]
696 3812 760 3884 Qui'
778 3811 877 3889 palam
891 3820 1005 3889 prostat
1012 3834 1025 3877 ;
1057 3814 1098 3871 H.
1113 3834 1137 3872 e.
1163 3823 1247 3891 “pro
1267 3813 1351 3873 lucro

210 3940 268 3990 stat
276 3933 303 4001 ;’'
323 3930 401 3989 Gou.
423 3930 480 3987 Me.
520 3929 567 3988 De
587 3929 659 3986 viris
679 3947 764 4005 aeque
784 3948 818 3986 ac
838 3928 955 3987 leminis
976 3928 1098 3988 dictum.

273 4161 323 4173 --
378 4112 514 4211 popli]
561 4124 602 4183 H.
623 4146 648 4183 e.
677 4124 786 4204 populi.
827 4124 912 4211 Sicut
937 4124 1048 4202 Amph.
1075 4124 1138 4183 106.
1179 4125 1351 4185 “Thebano

206 4244 318 4323 poplo.”
359 4243 414 4310 Ita,
438 4240 585 4319 maniplus
604 4250 638 4300 et
660 4242 848 4319 manipulus;
871 4239 1016 4319 templum
1037 4251 1067 4299 et
1086 4242 1273 4321 tempulum3
1292 4266 1350 4304 nu-

211 4355 306 4415 cleum
326 4366 356 4415 et
373 4354 553 4426 nuculeum3
575 4354 681 4431 [Curc-
697 4356 761 4435 55.]
780 4356 883 4435 anglos
905 4366 934 4415 et
952 4356 1094 4448 angulos3
1116 4360 1169 4419 &c
