3250 5217
636 542 938 607 AULULARIA.
1339 539 1379 601 81

293 739 410 814 Simul
434 740 580 814 radebat
605 741 756 838 pedibus
782 752 913 815 terram
939 751 977 815 et
1001 765 1085 814 voce
1110 765 1200 813 croer
1226 766 1246 813 a
1309 764 1367 812 ua.

292 863 475 941 Continuo
492 893 610 940 meum
631 894 689 941 eor
706 869 812 965 eoepit
831 878 944 941 artem
960 865 1074 940 faeere
1090 847 1278 951 ludiofam,
1325 883 1384 935 580

290 982 414 1079 Atque
439 982 478 1053 in
503 992 627 1079 peetus
653 983 815 1055 emicare.
865 981 936 1056 Sed
959 1007 1024 1079 ego
1047 1007 1142 1055 cesso
1166 1007 1303 1055 currere
1314 984 1383 1055 ?—

291 1109 410 1196 Foras,
436 1107 540 1193 foras,
582 1069 750 1195 umliiiee,
776 1110 839 1207 qui
865 1110 930 1183 sub
953 1119 1050 1181 terra
1074 1110 1234 1207 erepsisti
1250 1110 1377 1194 modo;

289 1231 366 1318 Qui
410 1232 515 1306 modo
548 1258 723 1330 nusquam
756 1235 990 1330 comparebas,
1035 1259 1131 1307 nuuc
1165 1260 1246 1307 oum
1283 1259 1377 1306 oom-

437 1382 549 1454 pares,
572 1358 676 1455 peri.

288 1483 370 1582 Ego
398 1485 521 1581 edepol
556 1497 603 1570 te,
637 1384 883 1583 demiror,
918 1486 1056 1563 miseris
1087 1489 1164 1581 jam
1204 1486 1373 1583 accipiam

436 1610 561 1684 modis

201 1818 205 1825 <
236 1812 255 1838 v.
268 1802 309 1846 579.
335 1802 407 1848 Stant,
424 1804 457 1842 lta
472 1804 533 1852 plane
545 1803 569 1841 R.
580 1805 598 1841 2.
616 1802 668 1843 Its.
681 1809 702 1843 et
714 1803 764 1843 Rdd.
777 1804 824 1842 Ald.
837 1804 904 1842 Perm.
917 1802 988 1841 bamb.
1003 1802 1046 1843 Ete.
1071 1804 1144 1849 semul,
1162 1804 1185 1842 Β.
1201 1804 1218 1841 l.
1231 1808 1252 1844 et
1264 1804 1290 1842 V.
1303 1805 1321 1842 a
1337 1804 1381 1855 (ubl

190 1874 238 1903 vero
248 1869 279 1904 est
295 1864 318 1902 in
333 1876 396 1914 marg.
416 1865 460 1903 “al.
480 1864 566 1910 earnm)
596 1867 664 1913 Semel,
680 1866 759 1915 reliqui,
781 1866 847 1913 (usius
866 1870 936 1903 tamen
954 1868 985 1903 est
1001 1864 1024 1901 ln
1043 1863 1070 1901 Η.
1084 1864 1102 1909 b,
1119 1874 1158 1913 pro
1174 1863 1232 1912 elom
1250 1864 1379 1913 supersmipt.

191 1929 282 1967 “eodem
293 1932 385 1977 tempore
391 1929 408 1975 ;”
419 1929 475 1978 quod
485 1930 547 1979 plane
561 1930 588 1969 sd
598 1930 661 1969 mmet
671 1930 764 1979 spectat)
777 1934 799 1969 et
809 1931 840 1968 ita
851 1930 888 1969 Ed.
906 1928 973 1967 Prlne.
991 1927 1080 1967 Gronov.
1097 1932 1118 1967 et
1129 1928 1225 1967 nonnulli
1237 1928 1329 1967 Reeentt
1344 1929 1380 1968 sed

188 1994 276 2032 alterum
287 1993 512 2039 melius—&oritam
530 1995 555 2032 A.
569 1994 595 2032 Η.
608 1994 626 2031 2.
638 1995 656 2031 5.
670 1994 722 2033 item
734 1994 770 2031 Ed.
785 1993 853 2031 Ptine.
865 1998 887 2032 et
903 1992 950 2031 ard.
963 1993 1100 2038 meminebat,
1117 1992 1145 2029 H.
1155 1992 1171 2030 l.
1186 1992 1310 2038 crocinabot,
1323 1992 1350 2031 H.
1359 1994 1377 2031 8

186 2055 322 2104 mnrium,
335 2056 362 2094 Η.
370 2056 388 2095 6.
403 2056 446 2105 (sed
457 2056 525 2096 litters
536 2068 547 2097 c
558 2054 695 2106 superscripti
706 2056 858 2105 proeminebat,
872 2056 893 2095 0.
907 2066 933 2094 ex
945 2056 977 2094 bis
987 2055 1089 2101 omnibus,
1102 2055 1145 2093 fere
1156 2054 1228 2093 eodem
1239 2055 1378 2103 redeuntibus,

188 2121 299 2160 musar
309 2121 417 2170 legendum
424 2132 467 2161 esse
477 2122 578 2170 aspicem
589 2131 706 2169 quanquam
717 2121 783 2160 fateor
790 2121 884 2167 alterurn,
898 2121 992 2167 eroetbm,
1005 2120 1060 2169 quod
1067 2120 1118 2159 dant
1130 2120 1154 2158 n.
1163 2122 1181 2158 2.
1194 2125 1219 2160 et
1229 2120 1252 2159 B.
1262 2132 1280 2166 a,
1293 2121 1380 2161 minime

188 2182 339 2231 despiciendum
350 2194 398 2229 esse,
411 2182 459 2231 quis
469 2184 541 2223 citavit
553 2183 633 2223 Nonius
643 2194 670 2222 ex
681 2183 757 2222 Nostra
767 2184 844 2228 fabula,
859 2184 982 2229 “crocitam,
995 2182 1098 2232 propriam
1110 2190 1218 2221 corvorum
1230 2182 1321 2221 vocem.'’
1342 2183 1380 2221 Po·

188 2247 228 2283 test
239 2244 301 2292 igitur
312 2245 416 2290 creceium,
428 2244 531 2293 geminam
542 2245 609 2283 media
616 2245 684 2284 littera
692 2255 710 2292 c,
722 2244 863 2294 pronuntiatu
874 2250 895 2283 et
902 2245 964 2285 babet
976 2244 1001 2283 tt.
1011 2245 1028 2289 l,
1040 2244 1169 2298 proelum
1184 2244 1215 2292 (Β.
1224 2246 1244 2290 b,
1256 2244 1377 2293 poemat.)

188 2308 261 2353 —sua
273 2313 350 2354 autem,
362 2317 433 2346 omnes
443 2306 511 2345 Nostr.
524 2312 546 2346 et
557 2306 633 2346 Vindd.
647 2310 669 2345 et
681 2306 718 2345 Ed.
732 2306 755 2344 P.
768 2310 791 2345 et
801 2305 875 2353 reliqui
887 2305 943 2344 Vett.
957 2304 999 2343 Bo:
1014 2308 1082 2354 (quem
1093 2309 1175 2343 secutus
1185 2309 1217 2344 est
1228 2304 1286 2343 Goell
1293 2306 1306 2347 :l
1319 2304 1376 2352 sero.

187 2366 274 2403 -582,
288 2364 435 2413 Εονω,]”ονω,
450 2366 507 2404 sisic
518 2366 594 2415 legitur
610 2366 645 2405 bie
661 2377 736 2413 versus,
752 2370 800 2415 post
816 2366 913 2405 Gaura:
929 2366 1023 2414 aliosque,
1041 2364 1080 2404 erit
1095 2369 1184 2404 metrum
1201 2364 1334 2403 immutatum
1351 2364 1379 2403 ob

188 2427 277 2465 subitam
293 2426 358 2465 anirni
373 2425 546 2475 perturbationem
562 2436 607 2474 quar
623 2430 669 2465 orte
683 2430 714 2465 est
730 2436 756 2465 ex
771 2424 883 2474 improviso
897 2429 979 2473 aspectu
995 2422 1084 2462 bominis
1098 2435 1111 2463 e
1125 2424 1174 2461 lano
1189 2422 1312 2472 prodeuntis.
1338 2422 1378 2463 Vel

188 2489 244 2537 prius
251 2489 314 2535 forae
324 2488 394 2536 rapide
404 2489 549 2536 pronuntianti.
574 2490 640 2528 Semel
651 2494 721 2528 autem
732 2499 773 2528 vox
786 2490 852 2529 Foras
863 2488 884 2526 in
897 2488 992 2527 omnibus
1003 2497 1054 2536 quos
1065 2486 1107 2525 vidi
1119 2487 1186 2525 codd:
1198 2486 1303 2536 reperitur.
1328 2486 1380 2525 Ten-

188 2551 240 2590 tavit
252 2551 327 2591 bamb:
344 2551 429 2599 Isaras,
445 2552 480 2591 sed
491 2563 518 2591 ne
532 2551 583 2591 illud
598 2553 681 2601 quidem
692 2554 768 2593 babent
780 2553 923 2591 Mes-588.
936 2552 969 2591 Ita
985 2562 1056 2591 ornnes
1068 2552 1129 2590 (iodd.
1143 2552 1184 2589 nisi
1199 2552 1255 2600 quod
1271 2561 1309 2599 pro
1321 2559 1378 2590 aune

188 2615 265 2653 babent
276 2614 301 2652 A.
315 2613 341 2651 Η.
352 2614 368 2651 l.
386 2617 408 2653 et
424 2613 450 2652 V.
464 2615 481 2652 l.
494 2615 512 2661 2,
529 2615 588 2654 morlo
598 2615 714 2663 repetitum.
738 2615 772 2654 lta
786 2624 867 2663 quoque
878 2614 928 2653 Edd.
941 2612 988 2652 Ald.
1002 2612 1069 2650 Parm.
1087 2613 1158 2651 bamb.
1170 2616 1209 2652 ete.
1223 2624 1283 2661 quom
1295 2616 1378 2653 tautum

187 2686 225 2723 pro
236 2685 282 2714 oum
293 2676 366 2724 posito,
378 2677 414 2715 sed
424 2676 465 2715 hoe
474 2677 573 2717 exhibent
581 2678 676 2727 plureset
686 2678 779 2716 meliores
790 2677 853 2717 codd.
868 2677 920 2715 Mire
931 2676 975 2715 haee
987 2678 1053 2723 verba,
1066 2680 1087 2715 et
1098 2676 1189 2725 pessime,
1204 2676 1327 2725 transposuit
1339 2676 1376 2715 Βο.

188 2741 251 2779 Nune
265 2741 396 2788 comparebat
408 2741 471 2789 peris,
487 2742 513 2786 ῦς
532 2742 721 2781 mendose—blla
746 2742 779 2780 Ab
794 2741 835 2780 hoe
850 2750 908 2779 versu
922 2741 1027 2789 usquead
1042 2752 1062 2778 v.
1074 2741 1116 2787 610,
1134 2741 1209 2779 absunt
1220 2750 1233 2778 a
1244 2740 1268 2777 B.
1278 2751 1302 2785 a:
1318 2739 1378 2779 nullo

187 2802 251 2848 hiem,
264 2812 303 2840 nee
313 2802 392 2840 laumoe
401 2802 459 2851 signo
469 2802 650 2850 interjecto-Pol,
662 2802 723 2840 unioe
734 2806 766 2846 Δ;
777 2800 845 2840 eaeten'
856 2810 927 2839 omnes
938 2800 1181 2849 edepol.-Proestlplalor
1189 2804 1220 2839 est
1232 2810 1269 2849 pro
1280 2800 1376 2849 tetrasyll·

187 2865 274 2905 babend
287 2874 335 2903 etun
346 2864 434 2904 secunda
444 2864 522 2914 syllaba
533 2865 588 2914 apud
598 2865 698 2904 Nostrum
708 2875 794 2913 semper,
807 2864 874 2910 eredo,
887 2864 1017 2912 producatur.

227 2994 292 3046 580.
340 2986 436 3043 Artem
452 2986 561 3064 facere
588 2985 756 3065 ludicram]
808 2986 925 3054 vermis,
947 3005 999 3043 seu
1019 2985 1193 3057 lumbricus
1216 2998 1338 3063 repente
1359 3009 1378 3046 a

189 3081 230 3139 Η.
254 3102 279 3140 e.
317 3081 432 3149 saltare,
465 3080 633 3139 saltatorem
658 3100 756 3157 agere,
805 3090 884 3138 terra
910 3078 1043 3155 rependo
1067 3078 1193 3137 existere
1220 3079 1303 3148 solet,
1334 3082 1377 3140 ita

187 3175 247 3235 hue
260 3187 291 3235 et
307 3176 379 3235 illuc
391 3175 546 3254 pulsando.
587 3174 762 3257 ‘'1'on
803 3177 862 3244 ille,
881 3196 941 3233 non
962 3185 1047 3234 antea
1059 3176 1092 3232 in
1106 3176 1158 3234 illo
1174 3176 1239 3235 loco
1259 3179 1297 3236 ab
1311 3179 1375 3237 Eu-

187 3273 296 3331 about!
338 3266 473 3330 Ridicule
487 3271 602 3329 dietum
615 3270 652 3328 de
666 3269 754 3328 corde
804 3273 898 3331 clione
909 3272 999 3341 visus,
1012 3292 1049 3329 ex
1062 3291 1112 3329 ara
1122 3271 1159 3331 de
1171 3272 1270 3330 subito
1280 3294 1374 3333 emer-

185 3347 345 3442 ffletu
357 3364 525 3442 trepidante
539 3372 569 3420 et
581 3360 753 3439 palpitante·
805 3370 877 3429 serit
890 3370 921 3426 in
936 3390 996 3447 qua
1009 3367 1165 3428 assidebat.
1206 3370 1309 3428 Laron.

189 3460 283 3520 sicin
296 3462 382 3519 Cure.
398 3467 472 3529 1533
491 3459 529 3517 de
542 3458 669 3537 pessulis
682 3456 755 3516 ami-
1040 3516 1046 3530 .
1071 3516 1078 3528 .
1307 3517 1314 3532 ⁸

188 3586 230 3624 ω
243 3564 357 3622 foribus
371 3563 490 3633 obditis,
845 3524 910 3577 584.
938 3517 1170 3596 Proestrgaator.]
1203 3515 1291 3575 ‘You
1302 3538 1373 3595 Jug-
1414 3580 1428 3607 ⁴

186 3675 347 3723 “filecausa
361 3689 413 3722 mea
431 3674 492 3721 ludii
508 3673 618 3719 barbari:
804 3610 888 3687 gleb,
934 3610 1015 3681 Quia
1037 3631 1105 3669 cum
1128 3609 1188 3669 wis
1214 3611 1374 3688 praesljgils

216 3746 332 3802 Subsilire,
345 3744 468 3795 „Moy
805 3704 959 3763 occoeoasti
974 3705 1075 3764 oculos
1088 3704 1170 3762 mihi.
1205 3703 1285 3762 Con.
1301 3705 1359 3763 Ms.

188 3849 276 3908 Conf.
289 3849 373 3927 Capt.
386 3848 452 3908 562.
842 3889 882 3899 -
927 3851 1049 3911 Miseria·
1081 3850 1221 3932 accipiam
1257 3852 1373 3933 modis]

187 3984 204 4005 “
218 3977 379 4034 Idierectnm,
389 3990 527 4034 cormeum,
537 3990 565 4023 ac
576 3972 692 4035 suspende
702 3972 738 4020 te!
805 3948 876 4006 ‘1'ss
889 3948 958 4025 give
979 3969 1041 4026 you
1060 3969 1078 4005 ἃ
1091 3966 1182 4005 Wffl'ffl
1199 3949 1371 4026 ΥθθθΡῒὶθῐὶὶ

215 4054 253 4101 Τιι
270 4053 398 4109 sebastiam
420 4066 463 4109 ego
479 4049 547 4098 miser
562 4050 601 4098 vix
620 4050 686 4097 adsto
705 4063 755 4106 pne
805 4044 853 4101 I'll
879 4042 987 4101 handle
1014 4063 1075 4121 you
1101 4042 1133 4099 in
1167 4062 1184 4099 a
1211 4062 1278 4121 way
1310 4065 1371 4122 you

273 4124 423 4174 midine?
805 4141 894 4198 won’t
914 4138 993 4195 like?
1047 4136 1224 4215 Metaphora
1253 4138 1372 4200 videtur

226 4252 291 4303 582.
316 4239 498 4320 Lambrioe]
527 4248 536 4275 ‘
547 4239 752 4298 Earthworm!
803 4243 974 4311 sumpta-ex
996 4232 1131 4291 convivis
1148 4231 1277 4309 hospitio
1294 4234 1370 4293 acol-

187 4336 234 4394 Ita
260 4334 422 4394 Strobilum
445 4333 584 4411 appellat,
606 4330 696 4410 quod,
718 4340 752 4388 ut
798 4327 922 4409 piendis.
976 4326 1098 4387 Confert
1132 4328 1244 4387 Lanu:
1286 4331 1369 4409 Virg.
