3250 5217
589 579 640 641 IN
665 577 1007 643 AULULARIAM.
1297 579 1365 664 ’137

218 773 264 850 pit
281 772 489 831 conditionem.”
530 772 627 831 Multa
642 773 699 832 alia
719 773 854 851 exempla
874 773 1001 832 contulit
1023 772 1106 833 Pan:
1128 772 1159 831 in
1180 772 1252 831 Lex.
1270 772 1365 833 Plaut.

217 884 382 964 Usurpavit
399 888 488 947 etiam
513 888 622 947 Noster
641 886 679 945 de
696 887 846 945 amoribus
865 886 1050 955 meretriciis,
1074 886 1139 944 Mil.
1153 893 1219 956 944.
1260 894 1279 921 “
1290 885 1363 945 Con-

212 996 286 1057 ditr'o
306 1019 384 1057 nove
403 1000 581 1059 luculenta.”
621 998 685 1079 (An
705 998 911 1077 assignation.)

268 1148 333 1209 195.
384 1131 521 1225 Duas]
573 1147 643 1205 Des.
685 1147 784 1225 Supra
797 1156 845 1207 23.

266 1298 330 1360 198.
379 1282 493 1375 Fial]
544 1288 590 1352 So
607 1292 642 1353 be
666 1292 703 1353 tt.
756 1296 802 1355 lta
822 1297 1001 1376 plerumque
1024 1262 1140 1364 Noster,
1165 1295 1219 1354 ubi
1235 1296 1359 1354 fortasse

197 1408 338 1487 fiturum
362 1413 594 1490 exspectaveris.
635 1413 777 1491 Exempli
799 1414 865 1473 loco
887 1415 944 1475 erit
966 1413 1077 1473 Pseud.
1101 1420 1166 1473 554.
1208 1419 1227 1447 “
1235 1414 1265 1471 S.
1282 1412 1360 1471 Fiat.

210 1521 243 1578 G.
261 1522 388 1581 Geratur
408 1544 472 1583 mos
493 1526 576 1583 tibi.''
616 1526 679 1584 Pro
688 1527 758 1603 fiet,
783 1536 813 1586 et
833 1535 960 1605 geretur.
1003 1527 1062 1586 Sed
1083 1526 1162 1586 Vide
1185 1526 1271 1584 Infra
1291 1534 1357 1593 219.

209 1632 241 1690 in
262 1633 347 1691 Nott.
370 1634 455 1692 Critt.

263 1797 330 1849 200.
382 1782 605 1878 Confudere]
654 1799 735 1859 Vide
749 1800 782 1859 in
797 1800 881 1859 Nott.
922 1801 1071 1859 Caeterum
1092 1799 1184 1879 hujus
1203 1808 1355 1859 construc-

208 1914 306 1985 tionis,
327 1925 480 1994 utcunque
499 1918 624 1990 usitatae,
639 1939 677 1979 ne
697 1921 764 1998 quis
784 1919 909 1999 posthac
930 1920 963 1977 in
982 1941 1017 1979 ea
1032 1919 1151 1989 haereat,
1173 1940 1271 1997 operae
1286 1938 1354 1997 pre·

204 2026 281 2085 tium
306 2026 363 2085 erit
388 2029 522 2107 exempla
544 2031 682 2108 quedam
707 2032 799 2091 semel
826 2032 973 2090 conferre:
1005 2042 1036 2089 et
1061 2051 1097 2089 ex
1123 2050 1184 2089 uno
1211 2030 1350 2108 Virgilio,

206 2140 257 2215 (ne
277 2140 396 2218 longius
422 2144 578 2220 peterem,)
604 2153 639 2202 ut
660 2146 860 2203 amantissimo
887 2144 1051 2212 vetustatis,
1074 2141 1218 2202 sumenda
1244 2143 1353 2201 censui.

207 2256 451 2318 AEn.11.185-6.
492 2260 609 2321 “Hanc
629 2272 729 2321 tamen
749 2264 923 2322 immensam
947 2262 1069 2322 Calchas
1085 2262 1221 2321 adtollere
1237 2262 1353 2330 molem,

207 2368 373 2427 Roboribus
395 2370 494 2440 textis,
522 2373 656 2451 coeloque
685 2374 812 2443 educere,
834 2374 957 2453 jussit.”
1005 2376 1081 2453 (Bid
1108 2375 1181 2433 them
1202 2374 1347 2453 raise...)

205 2476 346 2537 AEn.111.
366 2487 433 2547 472.
473 2481 632 2541 “Classem
649 2483 724 2542 velis
742 2492 845 2562 optare
859 2484 1012 2563 jubebat.’'
1054 2484 1129 2560 (Bid
1142 2484 1215 2543 tltem
1228 2485 1350 2561 litout.)

205 2591 272 2651 AEn.
294 2593 330 2649 V.
351 2601 417 2654 385.
468 2595 609 2655 “Ducere
630 2596 708 2654 dona
720 2594 822 2675 jube.”
871 2597 944 2674 (Bid
967 2598 1038 2657 them
1059 2598 1173 2675 bring.)
1214 2597 1349 2663 lurra.

205 2704 474 2783 “Tempestatibus
495 2727 604 2785 agnem
628 2705 747 2767 Caedere
771 2707 880 2767 deinde
897 2704 995 2789 jubet,
1032 2707 1162 2786 soluique
1185 2728 1222 2766 ex
1246 2708 1349 2771 ordine

204 2816 333 2873 funem.”
386 2816 447 2874 Ubi
475 2816 595 2893 gemina
621 2826 666 2875 est
695 2817 886 2876 constructio.
928 2817 976 2876 Ita
998 2817 1113 2886 Graece,
1135 2816 1226 2875 Hom.
1251 2818 1297 2875 ln.
1323 2818 1346 2874 l.

204 2935 271 2993 347.
312 2928 420 2985 “Acies
440 2926 461 2984 δ’
483 2926 598 3000 ἅγειν.”
616 2949 673 3007 pro
692 2928 822 3002 ἄγεσθαι.

257 3088 323 3139 201.
377 3070 536 3148 Fastidit
560 3075 661 3167 met]
713 3086 772 3146 sic.
787 3086 880 3146 sech.
895 3094 960 3146 311.
996 3086 1113 3145 “Mer
1124 3084 1259 3163 fastan,
1276 3106 1345 3164 pro

202 3205 368 3283 pudiose?”
415 3204 510 3263 Lucil.
539 3204 598 3263 Sat.
630 3204 697 3263 Lib.
718 3205 792 3263 VII.
828 3206 932 3283 (quem
963 3206 1035 3286 citat
1048 3205 1161 3263 ,Lame
1193 3224 1230 3262 ex
1254 3205 1344 3264 Non:

200 3318 273 3396 Cap.
294 3338 334 3375 rx.
355 3319 397 3396 3.)
441 3325 461 3351 “
469 3315 593 3385 Tristes,
622 3316 754 3377 difficiles
778 3318 884 3385 sumn',
897 3316 1066 3393 fastidimu'
1086 3315 1244 3375 bonorum.”

254 3473 322 3525 204.
374 3453 610 3552 Congredirl]
660 3467 721 3526 Pro
735 3468 817 3545 vulg.
838 3466 979 3545 congredi.
1007 3467 1058 3527 Sic
1072 3468 1156 3526 Asin.
1173 3476 1237 3528 105.
1264 3468 1342 3527 Rud.

200 3592 268 3651 578.
288 3593 353 3655 589.
393 3583 512 3654 Morirr‘,
531 3605 586 3662 pro
608 3584 687 3642 mori.
727 3585 784 3645 Ov.
807 3585 881 3645 Met.
903 3584 990 3643 XIV.
1018 3594 1085 3645 215.
1126 3587 1343 3663 “Mortemque

183 3694 317 3763 timens,
342 3696 530 3774 cupidusque
551 3693 678 3753 moriri.”

252 3848 319 3901 205.
370 3833 518 3927 Perlib]
569 3842 606 3903 Ie
628 3842 699 3903 lost.
751 3844 835 3903 Men.
852 3853 915 3905 123.
937 3844 973 3905 G.
989 3844 1072 3903 Infra
1086 3852 1152 3914 292.
1165 3851 1231 3914 298.
1252 3845 1341 3905 Adde

199 3966 270 4027 Juv.
295 3954 356 4023 Sat
379 3964 441 4022 111.
471 3972 534 4024 124.
575 3974 595 4001 “
603 3963 759 4022 Perierunt
784 3975 918 4042 tempora
942 3964 1025 4041 longi
1049 3962 1193 4021 Servitii.”
1236 3963 1339 4044 (Have

197 4078 238 4138 all
252 4099 330 4157 gone
345 4079 393 4136 for
412 4076 561 4154 nothing.)
603 4076 677 4134 Plin.
693 4076 788 4155 Epist.
802 4077 869 4136 Lib.
884 4076 945 4136 111.
960 4085 986 4137 5.
1028 4076 1133 4134 “Nam
1144 4074 1242 4155 perire
1255 4068 1341 4137 ouine

196 4200 316 4269 tempus
336 4189 543 4257 arbitrabatur,
568 4187 650 4265 quod
671 4187 776 4247 studiis
797 4208 858 4247 non
874 4188 1101 4266 impertiretur.”
1143 4186 1339 4263 (considered

195 4322 228 4358 as
251 4300 369 4359 thrown
386 4300 493 4376 away.)

280 4450 313 4499 18
