3250 5217
573 601 623 664 IN
651 599 990 666 AULULARIAM.
1283 600 1347 668 165

269 823 320 841 κ-
344 821 347 826 ·
375 776 579 870 οἃΐίη8ῐὶἱ.]
631 787 738 870 Dyers
751 791 789 852 in
807 790 1062 854 wem-colour.
1114 795 1177 868 Qui
1194 794 1289 854 cerina
1302 816 1351 855 co-

204 903 269 966 lore
289 925 423 985 pannum
445 907 589 968 inficiunt.
629 909 788 991 Asapdc,
811 909 922 970 Dorice
944 930 1001 988 pro
1024 910 1132 991 nuptis,
1155 931 1232 975 cera·
1271 912 1353 975 Citst

149 1102 152 1110 Ι
208 1017 315 1076 Bonus.
340 1018 398 1084 Ov.
419 1021 485 1080 Art.
505 1021 634 1082 Amand.
655 1022 714 1084 111.
745 1030 809 1086 184.
850 1023 943 1085 “Suu
962 1023 1121 1087 velleribus
1140 1023 1261 1084 nemius
1284 1045 1352 1086 cera
1439 1021 1441 1026 ’

207 1128 316 1188 dedit.”
357 1131 467 1191 Noster
483 1133 590 1206 Hsuu,
606 1133 790 1205 ’'Carinmi,
812 1136 860 1194 Its
878 1137 957 1196 Non.
970 1135 1036 1197 566.
1057 1135 1125 1213 [eit
1139 1136 1171 1194 in
1184 1155 1248 1194 voc.
1260 1134 1352 1215 flum-

207 1255 291 1305 meus,
312 1241 430 1320 supru]
470 1241 530 1302 Sed
556 1241 651 1302 Hadr.
677 1241 788 1303 Junius
811 1243 904 1314 malit,
934 1243 1083 1313 cerinarii,
1110 1255 1145 1304 ut
1162 1242 1289 1304 cerinum
1307 1254 1353 1304 est

207 1346 296 1424 Epid.
311 1347 353 1406 II.
372 1357 401 1408 2.
422 1358 491 1421 49.“
510 1348 595 1427 [226.
616 1349 652 1407 Β.
681 1349 856 1420 “Cerinum,
871 1360 924 1410 aut
936 1350 1136 1429 genuinum.'']
1175 1351 1237 1409 Alii
1251 1361 1352 1411 sutem

206 1458 311 1536 legunt
323 1459 470 1531 calcearii,
491 1461 523 1521 in
536 1482 597 1541 qua
609 1483 681 1522 voce
700 1464 772 1522 eod.
795 1461 837 1523 H.
849 1471 878 1532 2,
900 1463 932 1521 in
944 1482 1038 1541 marg.
1077 1464 1170 1537 ”Qui
1179 1463 1211 1523 in
1224 1446 1352 1525 colorem

206 1567 290 1627 caltoe
304 1568 374 1646 [seu
388 1569 501 1640 calttae,
517 1568 582 1646 (the
594 1559 785 1649 rnerigold.)]
796 1569 959 1650 pingunt.“
998 1568 1059 1628 sed
1072 1568 1152 1630 Vide
1164 1571 1198 1630 N
1198 1581 1251 1631 ott.
1264 1572 1352 1634 Gritt.

260 1749 326 1809 465.
376 1742 622 1834 Manulearii]
682 1747 794 1812 Sleeve
824 1748 961 1810 makere
1008 1753 1070 1825 Qui
1090 1763 1187 1814 vestes
1205 1754 1353 1816 manulea-

205 1870 252 1922 tus
278 1865 456 1935 conficiunt3
497 1866 573 1925 sicut
609 1864 640 1922 in
674 1864 784 1924 Pseud.
812 1871 880 1935 739.
934 1864 1164 1926 “Muuuleutcm
1193 1867 1351 1927 tunicnm.”

206 1975 311 2035 (31aeoe
337 1974 500 2056 χειριδωτδν
522 1996 574 2036 seu
593 1973 829 2055 ἀμφιμάσχαλον,
851 1975 945 2037 Arist
964 1977 1045 2056 qu.
1066 1985 1132 2048 879.
1152 1977 1251 2039 schol.
1293 1976 1352 2040 Sed

206 2085 306 2162 psallo
326 2085 410 2145 aliter
430 2085 518 2146 Gon:
540 2087 603 2150 Ms:
631 2084 831 2154 ”Manuurtt
856 2085 917 2158 Qui
938 2087 1068 2150 manieu
1083 2087 1187 2165 longas
1207 2108 1263 2150 scu
1282 2087 1351 2168 pin-

204 2205 313 2273 gunt.“
351 2197 497 2259 Manuleoe
514 2207 613 2258 autem
631 2205 701 2258 sunt
716 2196 883 2258 tunicarum
904 2198 1036 2260 manicu-
1067 2198 1351 2282 Opprobrioautsm

206 2311 265 2370 fuit
284 2309 356 2370 viris
382 2312 512 2371 tunicum
542 2311 732 2370 manicleatam
757 2321 893 2389 gesture;
915 2313 1000 2371 Conf.
1021 2313 1105 2391 Virg.
1125 2312 1193 2371 AEn.
1208 2312 1264 2372 IX.
1283 2315 1350 2377 616.

207 2425 276 2484 “Et
295 2426 404 2486 tunicae
420 2425 557 2494 manicas,
578 2435 609 2485 et
627 2423 738 2485 habent
756 2424 932 2488 redimicula
951 2426 1075 2485 mitrae.’'
1115 2426 1195 2486 Vide
1216 2426 1300 2485 Infra
1317 2427 1351 2486 in

206 2557 234 2596 v.
255 2543 320 2605 475.
342 2537 380 2596 G.

268 2750 319 2764 -
375 2697 686 2791 Murobrecharii.]
741 2706 939 2790 Persumeus.
999 2714 1028 2774 A
1047 2712 1131 2794 μύρον
1152 2724 1350 2793 unguentum,

204 2841 234 2890 et
252 2828 353 2910 βρέχω
373 2829 447 2907 rigo.
485 2827 572 2900 ”Qui
596 2827 736 2889 odoribus
754 2827 932 2907 inspergunt
951 2840 1056 2900 vestes,
1078 2839 1113 2889 ut
1133 2833 1209 2892 bene
1222 2832 1355 2895 oleunt“-

207 2945 284 3002 Con.
299 2941 356 3000 Mc.

259 3080 350 3174 466(
388 3103 549 3201 Propolae
594 3100 798 3193 linteones]
873 3109 1047 3170 Wtoleeate
1095 3109 1347 3194 liuenslrapers.

204 3235 357 3315 '’Propolu
383 3246 467 3296 esta
492 3254 546 3314 pro
573 3233 689 3302 Latino,
714 3231 827 3310 (prima
851 3231 930 3291 enim
955 3231 1157 3311 producitur,)
1185 3243 1217 3292 et
1242 3235 1350 3295 Graeco
1383 3319 1385 3325 Α

205 3356 313 3420 πωλεῖν,
336 3358 371 3406 ut
389 3347 476 3406 docet
493 3345 624 3422 Scaliger
641 3343 680 3404 sd
700 3343 835 3404 Culicem
856 3343 972 3421 virgil:
994 3343 1112 3414 Dictus,
1134 3343 1215 3423 quod
1233 3345 1348 3424 primus

204 3462 314 3523 vendat
343 3479 464 3529 merces,
502 3477 575 3537 quas
604 3457 636 3516 in
665 3466 754 3534 portu
789 3457 905 3535 primus
933 3457 1106 3536 anticiput“
1158 3457 1244 3520 PAR:
1273 3456 1347 3519 Lex.

205 3570 302 3628 Plaut.
324 3568 376 3646 qui
394 3567 465 3627 citat
482 3566 586 3625 Lucil:
609 3564 732 3624 “Sicuti
749 3584 843 3643 quum
861 3565 934 3625 ficus
949 3565 1065 3643 primus
1076 3564 1199 3646 propola
1215 3576 1348 3627 recentes

205 3682 325 3753 Attulit,
346 3691 377 3740 et
396 3679 493 3758 pretio
510 3678 624 3757 ingenti
644 3677 695 3737 dat
715 3677 848 3757 primitu'
869 3680 1007 3757 paucos?
1048 3677 1136 3739 Unde
1156 3690 1279 3758 apparet
1296 3700 1347 3738 vo-

203 3813 268 3854 cem
286 3794 324 3854 de
336 3792 483 3852 industria
496 3802 597 3851 nostro
615 3791 681 3850 loco
694 3791 841 3869 usurpari,
855 3813 923 3868 quae
944 3791 1089 3870 significet
1110 3804 1257 3852 matronas
1276 3795 1348 3853 istas

204 3919 243 3958 ne
261 3898 293 3956 in
311 3897 410 3957 linteis
429 3896 552 3975 quidem
572 3895 776 3975 comparandis
797 3906 934 3973 sumptus
953 3895 1098 3955 rationem
1117 3896 1263 3957 habuisse.

266 4122 316 4138 -
372 4072 594 4165 Linteones]
645 4084 745 4144 close
761 4083 835 4143 cos.
857 4086 899 4144 H.
917 4093 945 4146 2.
985 4085 1073 4156 ”Qui
1098 4086 1213 4148 fasne
1233 4086 1343 4154 lutea,-

202 4223 298 4281 genus
320 4201 384 4262 h.e.
403 4201 503 4280 panni,
522 4220 582 4279 quo
601 4199 747 4260 mulieres
761 4210 896 4270 utuntur,
920 4201 998 4260 utin
1014 4203 1105 4282 Epid.
1118 4203 1225 4286 [223]
1245 4207 1345 4275 “Lin-¹

203 4316 303 4378 leolum
322 4316 522 4376 caesicium.”“
562 4314 642 4374 Coss.
658 4315 716 4372 Ms.
737 4316 753 4358 '-'
763 4314 824 4385 Qui
845 4334 891 4374 res
912 4313 1003 4374 lineas
1023 4316 1186 4377 vendunt.“
1240 4338 1241 4341 ¹
