3250 5217
264 545 327 616 viii
694 564 952 616 PRAEFATto.

266 743 471 819 editionem
493 743 534 817 in
560 766 698 817 manus
721 741 906 841 ceperint,
937 765 987 815 ne
1009 741 1170 840 argutiis
1195 742 1281 842 ejus
1307 767 1386 816 me·

266 876 373 952 tricis
402 872 661 951 confidentius
690 897 732 948 se
764 870 970 964 addicant3
1002 872 1194 972 siquidem
1229 898 1386 973 persua-

266 1033 352 1085 sum
382 1008 478 1083 mihi
509 1008 645 1095 habeo,
679 1032 728 1082 ex
759 1006 965 1081 Librorum
995 1004 1197 1081 MStorum
1223 1006 1387 1104 diligen-

265 1141 414 1219 tissima
455 1140 669 1227 collatione,
713 1164 801 1213 eum
842 1137 988 1239 passim
1032 1138 1074 1212 in
1115 1138 1189 1213 hoc
1232 1141 1388 1240 scopulo

265 1273 508 1372 naufragium
540 1272 689 1361 secisse,
716 1273 793 1346 imo
821 1272 967 1348 centies
994 1283 1102 1347 etse
1132 1284 1171 1346 et
1192 1272 1387 1362 Plautum,

264 1432 314 1485 ex
347 1407 468 1483 nimia
500 1408 541 1482 in
574 1405 648 1480 hac
684 1429 726 1480 re
761 1403 976 1479 temeritate
1009 1427 1091 1491 sua,
1131 1427 1288 1503 pessum
1321 1405 1387 1481 de-

263 1540 377 1615 disse.
454 1537 614 1615 Servavi
664 1550 793 1613 tamen
842 1536 1071 1637 plerumque
1117 1536 1254 1634 quales
1305 1537 1385 1626 ille,

262 1672 303 1747 in
334 1672 436 1749 curis
466 1671 656 1759 secundis,
692 1670 823 1746 Plauti
849 1693 994 1756 versus,
1023 1668 1250 1745 difficilioris
1277 1684 1386 1769 quot-

264 1811 358 1899 quot
386 1800 498 1876 metri
527 1810 627 1887 sunt,
655 1797 867 1897 reliquerit.
929 1796 1009 1873 Cur
1039 1798 1144 1873 enim
1177 1798 1227 1874 ad
1260 1799 1386 1898 ingra-

263 1946 346 2010 tum
376 1960 484 2034 opus,
513 1960 643 2011 eorum
674 1934 724 2010 de
753 1958 851 2010 novo
881 1933 1192 2022 ordinandorum,
1227 1960 1289 2009 me
1320 1962 1384 2012 ac-

261 2068 589 2145 cinxeriml-An
612 2068 705 2169 quia
734 2066 911 2143 deessent
939 2068 1120 2143 humanae
1145 2070 1385 2168 arrogantiae‚

263 2227 313 2278 an
348 2204 442 2303 quia
474 2204 653 2279 humanae
686 2201 966 2277 imbecillitatis
999 2204 1180 2303 exempla
1189 2204 1387 2281 l-Soiant

263 2336 330 2434 qui
374 2337 609 2424 Bentleium‚
660 2338 787 2412 sciant
827 2338 895 2434 qui
937 2337 1217 2427 Hermannum,
1262 2341 1386 2415 sciant

263 2466 331 2565 qui
369 2466 584 2555 Butler-um,
622 2469 748 2545 sciant
781 2468 849 2566 qui
887 2468 1103 2545 Porsonum
1136 2494 1290 2569 quoque
1324 2470 1385 2545 his

263 2597 413 2687 studiis
448 2624 497 2675 ne
532 2599 660 2675 dicam
692 2598 754 2675 his
787 2600 914 2698 nugis,
948 2624 1083 2700 operas
1112 2626 1203 2675 suas
1236 2602 1384 2700 impen-

262 2732 400 2809 dentes
428 2734 621 2833 prosecuti
651 2735 740 2821 sint,
774 2758 892 2833 quam
924 2758 1033 2808 vanae
1065 2733 1263 2810 hominum
1297 2758 1386 2833 spes

261 2865 413 2963 antiqui
458 2866 630 2965 rhythmi
675 2892 850 2943 normam
896 2879 936 2943 et
982 2865 1236 2941 subtilitatem
1281 2891 1382 2941 asse-

260 2994 418 3092 quendi.
471 2993 560 3071 Non
590 2997 695 3096 quod
721 2998 861 3087 dicam,
895 2998 977 3073 haec
1010 2996 1151 3084 studia,
1186 2996 1281 3094 quia
1314 2997 1382 3071 ali-

260 3127 414 3225 quando
435 3127 578 3205 laboris
598 3132 764 3231 pretium
786 3132 890 3208 haud
912 3131 1093 3221 referant,
1117 3131 1205 3206 ideo
1228 3130 1383 3206 omnino

260 3284 346 3336 esse
380 3261 615 3356 omittenda3
649 3265 717 3341 sed
748 3290 880 3342 vereor
912 3292 975 3355 ne,
1013 3268 1143 3366 specie
1175 3267 1283 3341 inani
1317 3268 1381 3342 de-

260 3392 375 3492 cepti,
423 3393 603 3469 solidiora
645 3421 924 3494 nonnunquam
969 3408 1007 3473 ct
1053 3422 1143 3473 vera
1184 3399 1383 3474 commoda

259 3525 513 3615 amiserimus,
566 3552 638 3604 nec
689 3554 806 3627 quam
856 3530 1156 3630 appetiverimus
1204 3532 1382 3607 umbram

222 3664 223 3667 ’
259 3656 358 3733 adeo
387 3658 574 3756 attingere
604 3660 853 3759 potuerimus.
917 3660 1024 3737 Satis
1056 3658 1203 3735 dictum
1238 3662 1300 3750 sit,
1332 3690 1382 3739 ne

260 3788 462 3865 Plautinos
489 3814 668 3866 numeros
698 3792 916 3887 neglexisse
944 3791 1087 3880 videar,
1115 3791 1381 3869 Plautinorum

257 3920 395 3999 salium
428 3922 518 4024 plus
544 3925 651 4025 justo
686 3924 903 4002 studiosus:
939 3926 1076 4002 horum
1107 3950 1171 4002 me
1195 3927 1381 4002 confiteor

259 4058 575 4147 amantissimum,
606 4058 711 4136 haud
743 4059 792 4135 ob
827 4059 1003 4143 facetias¹
1019 4061 1154 4159 magis,
1180 4085 1299 4160 quam
1329 4061 1379 4135 ob

260 4190 507 4269 Latinitatem
543 4219 659 4293 quam
693 4193 835 4271 frustra
868 4195 962 4272 alibi
994 4198 1180 4295 requiras.
1243 4197 1380 4296 Apage

257 4323 385 4421 igitur,
418 4326 485 4424 qui
518 4327 677 4405 Auctori
710 4327 855 4429 optimo
890 4328 1139 4405 difficultates
1174 4354 1253 4406 non
1289 4352 1381 4407 suas
