3250 5217
666 578 714 639 M.
739 576 781 639 A.
807 576 992 641 PLAUTI

801 669 889 795 ‘su

342 770 480 846 Eodem
505 774 608 848 modo
633 799 766 849 servom
788 785 902 849 ratem
927 800 1001 849 esse
1022 778 1157 851 amanti
1182 777 1267 852 hero
1287 802 1422 875 aequom

490 924 623 984 censeo,

342 1022 395 1096 Ut
412 1023 548 1109 toleret,
564 1049 610 1098 ne
627 1049 768 1120 pessum
792 1026 919 1113 abest3
947 1038 1091 1122 tamque
1106 1025 1219 1100 herile
1235 1028 1423 1124 imperium

343 1147 494 1221 Ediscat
513 1150 581 1236 uti,
607 1149 702 1246 quod
725 1151 823 1246 loqui
846 1176 917 1223 non
943 1176 980 1224 os
1005 1151 1103 1237 velit,
1129 1152 1221 1224 oculi
1245 1154 1367 1225 soient.

243 1373 264 1407 et
275 1370 351 1408 Vindd.
364 1381 403 1410 neo
415 1372 436 1410 in
448 1372 492 1411 uilo
502 1372 535 1411 vel
550 1372 659 1410 minimum
667 1370 774 1420 vestigium
784 1376 850 1410 astet
860 1371 915 1411 unde
926 1371 993 1421 ooiligi
1004 1371 1066 1420 possit
1077 1372 1165 1420 priorem
1178 1375 1256 1420 portem
1266 1369 1329 1419 (quod
1340 1370 1426 1419 conjecit

243 1432 289 1476 Bo.)
306 1444 348 1471 esse
358 1445 384 1473 ex
399 1434 515 1483 Interpretis
530 1436 668 1473 mmm-Pro
682 1435 718 1482 qui
733 1434 794 1473 hebet
807 1434 834 1472 Η.
848 1435 866 1481 6,
888 1436 952 1483 gloss:
968 1435 1058 1483 margin:
1074 1437 1112 1477 ut,-
1132 1440 1152 1475 et
1167 1445 1204 1484 pro
1219 1435 1315 1481 uomens,
1330 1436 1424 1475 nonnulli

241 1494 312 1534 vitiose
319 1498 418 1536 mano
443 1497 504 1537 Emi
514 1497 575 1535 etism
586 1497 620 1535 hie
632 1507 700 1535 versus
712 1496 734 1534 in
742 1496 778 1535 lm
789 1497 855 1535 Pr'me.
867 1495 946 1543 (Vener.
956 1497 1017 1542 1472.)
1030 1496 1076 1535 Ald-
1091 1497 1158 1536 Psrm.
1172 1498 1242 1535 Lsmb.
1255 1501 1293 1536 eto.
1307 1499 1423 1539 utomnino

241 1558 322 1595 retineri
329 1558 493 1599 debent-⁴51.
506 1560 584 1599 Itemm
591 1560 613 1598 in
620 1560 660 1598 hoe
667 1570 725 1599 versu
736 1560 867 1599 somnust
875 1560 937 1609 Libri,
946 1564 967 1601 et
974 1561 1046 1610 Seripti
1053 1566 1074 1601 et
1082 1560 1230 1599 Editi-oiz
1242 1562 1325 1607 Toleret,
1333 1566 1354 1601 st
1359 1563 1424 1608 west,

242 1620 276 1659 Ite
286 1620 331 1660 hee
344 1624 404 1660 verbs
415 1623 510 1671 legends;
522 1623 584 1661 codd.
596 1622 686 1672 priorious
699 1624 780 1667 tolieret,
795 1626 817 1661 et
832 1624 908 1668 mesas,
924 1623 976 1661 illud
991 1624 1092 1669 mendose,
1109 1623 1149 1662 hoc
1163 1622 1238 1661 usitato
1253 1634 1310 1663 mors
1324 1625 1379 1673 apud
1394 1635 1427 1663 ve·

241 1689 293 1724 teres
307 1686 411 1732 affluendi,
428 1697 470 1735 qno
484 1697 527 1727 non
543 1697 589 1726 mo
603 1686 671 1727 litters
686 1688 699 1725 le
714 1687 780 1726 voeeli
796 1686 902 1735 incipienti
917 1688 1193 1737 preponitur-Tempsam,
1214 1697 1291 1733 omnes,
1311 1687 1346 1725 sed
1362 1692 1427 1736 pom-

241 1750 294 1789 riore
312 1755 370 1800 ports
388 1755 492 1790 sonum
506 1755 531 1790 nt
549 1751 573 1791 nt
589 1752 612 1789 in
628 1750 711 1799 seriptis
742 1752 795 1789 Tum
813 1751 853 1789 hae
870 1762 919 1790 vose
938 1751 1010 1790 finitur
1027 1751 1061 1790 hie
1078 1761 1146 1790 versus
1164 1752 1219 1801 spud
1236 1752 1353 1802 plerosque3
1372 1752 1426 1800 spud

242 1815 269 1853 Η.
284 1817 300 1853 1.
313 1817 331 1861 ⁶,
344 1815 371 1854 sd
383 1826 427 1854 voc.
444 1815 507 1854 herde
523 1816 664 1860 continuatum
679 1815 733 1863 spud
750 1815 777 1853 Η.
790 1817 809 1853 2.
819 1816 842 1852 B.
852 1826 870 1861 s,
891 1816 918 1853 sd
929 1816 1038 1867 imperium
1056 1816 1119 1863 (quod
1129 1815 1280 1860 nouissimus)
1296 1816 1426 1864 producimn

241 1877 268 1915 In
280 1878 302 1923 ⁰,
314 1881 336 1916 et
347 1876 370 1914 B.
379 1878 399 1923 b,
411 1876 470 1916 nulls
479 1877 580 1915 linesmm
591 1877 720 1917 distinetione
730 1876 919 1925 laganum-osu
947 1877 988 1922 Usi,
1004 1876 1029 1915 de
1043 1887 1090 1915 meo
1103 1876 1148 1915 dedi
1163 1887 1201 1925 pro
1217 1876 1312 1914 omnium
1327 1874 1389 1914 codd.
1405 1880 1426 1913 et

242 1938 305 1977 suits
321 1938 414 1985 lectione,
429 1940 536 1978 san-mm
550 1949 593 1978 nou
605 1949 628 1978 oe
641 1938 702 1987 plene
716 1949 787 1977 omnes
798 1939 872 1987 Soripti
882 1939 949 1977 Nostr.
962 1942 984 1977 et
995 1938 1071 1977 Vindd.
1083 1937 1121 1976 nisi
1134 1938 1187 1987 quod
1199 1938 1274 1977 horum
1287 1948 1341 1976 uuus
1352 1938 1387 1984 (V.
1396 1938 1424 1981 2.)

241 2000 303 2040 nabes
317 2000 435 2050 transposite
450 2010 473 2040 os
488 2011 546 2042 m,-
567 2005 592 2040 ut
602 2000 665 2038 miror
676 2010 804 2049 quemquam,
818 2000 878 2038 unius
893 1999 1000 2038 &meram
1013 1999 1138 2044 annotino,
1149 1999 1214 2047 seems
1229 1998 1361 2047 supposuisse,
1379 2010 1427 2037 eum

241 2075 281 2103 neo
294 2065 316 2103 in
330 2065 380 2103 ΕΜ.
394 2066 449 2105 Voti.
461 2075 500 2103 nes
515 2064 537 2102 in
551 2063 633 2113 Scriptis
645 2067 746 2114 sppsroei.
771 2064 842 2102 Restst
857 2068 881 2103 ut
896 2064 969 2102 sddsm
986 2063 1036 2102 iliud
1052 2064 1109 2111 loqui
1123 2062 1199 2101 nullius
1214 2062 1294 2101 codicis
1308 2062 1427 2101 auctoritate

242 2128 324 2174 firmari
338 2138 364 2166 ex
377 2127 542 2177 interpretatione
557 2128 684 2165 consum:
705 2127 758 2166 listi
772 2125 838 2175 [Vide
847 2127 869 2165 in
881 2126 954 2176 Nom]
967 2127 989 2164 in
1002 2130 1082 2165 textum
1099 2126 1171 2174 reoepi,
1190 2136 1238 2164 cum
1254 2124 1276 2162 id
1292 2135 1361 2163 sennis
1375 2126 1428 2163 bene

241 2190 337 2238 potitust,
351 2196 386 2239 (ns
397 2191 471 2237 dium,
489 2190 597 2239 poswlsn)
611 2195 633 2230 et
643 2190 712 2239 potuis
721 2200 769 2229 ssue
779 2190 807 2228 ob
818 2189 973 2229 similiusdinem
988 2189 1115 2237 pronominis
1130 2188 1265 2237 precedentis,
1277 2199 1313 2237 per
1327 2187 1426 2227 morsiam

241 2254 345 2294 wibaudo
356 2254 459 2294 excidisse

280 2417 346 2469 552.
389 2408 529 2488 Toleni]
553 2409 685 2467 ‘Should
698 2410 809 2469 sustain
858 2412 1040 2491 hujusmodi,
1073 2410 1103 2469 in
1134 2412 1246 2491 speculo
1281 2417 1425 2479 contuens,

241 2504 322 2561 him.'
361 2503 522 2573 Sustineat,
540 2515 693 2563 sustentet.
858 2507 916 2577 vel,
930 2506 960 2564 s‘n
974 2505 1087 2586 speculo
1099 2505 1211 2565 viderit.
1231 2504 1302 2565 Vid.
1320 2506 1425 2565 Pseud.

279 2653 320 2667 —
357 2619 405 2678 Ne
431 2640 547 2698 pessum
571 2620 681 2698 abeas]
721 2622 811 2680 ‘Lest
860 2605 901 2662 ῙῙ·
918 2623 959 2663 ¹V·
973 2602 1019 2664 6⁰·
1040 2603 1145 2683 [751]

240 2714 279 2773 he
304 2716 343 2773 be
369 2715 606 2787 overwhelmed3
639 2735 679 2792 go
701 2726 733 2774 to
758 2716 809 2774 the
874 2727 890 2748 “
903 2723 952 2773 Ubi
961 2731 984 2773 te
994 2722 1118 2782 aspexerit,
1128 2722 1230 2771 narrabit
1238 2722 1300 2770 ultro
1310 2722 1367 2781 quid
1376 2736 1427 2770 sese

239 2809 373 2870 bottom.’
421 2811 468 2869 Ne
498 2812 668 2869 submersus
698 2821 808 2889 pereat
916 2798 1002 2847 velis.”

239 2907 397 2978 ”Pessum
420 2907 458 2966 ad
478 2907 624 2978 fundum
652 2908 707 2966 sub
725 2907 807 2987 pedi,
860 2890 939 2948 Tum
964 2889 1040 2966 lege,
1068 2902 1162 2948 metro
1188 2897 1336 2967 poscente,
1363 2886 1426 2945 heri

240 3003 328 3061 busy
354 3002 434 3061 σοι
449 3004 508 3061 ΜΒ,
532 3002 609 3061 Vide
624 3002 719 3061 0103&
859 2982 1007 3064 imperium
1014 3006 1024 3054 ς
1053 2983 1163 3061 (littera
1184 2982 1195 3039 ἑ
1218 2982 1374 3059 correpte)
1396 2990 1427 3038 et

278 3152 319 3163 ..
341 3115 478 3194 Tamque,
498 3114 575 3193 em]
608 3114 686 3173 MSS·
707 3135 808 3173 omnes
859 3086 936 3144 forte
949 3104 1010 3142 eum
1024 3084 1136 3144 excidit
1147 3093 1217 3161 post
1229 3081 1354 3141 toleret.“

240 3212 509 3291 hsbenttanquam,
527 3232 588 3290 quo
601 3214 693 3271 verbo
706 3212 808 3269 finitur
898 3230 964 3283 553.
987 3218 1425 3300 duodequinososvelis,oculi

240 3306 291 3366 hic
303 3326 405 3366 versus
418 3306 499 3384 apud
512 3307 678 3384 plerosque.
711 3305 809 3383 [Vide
858 3317 980 3397 scians]
1020 3319 1097 3377 Cum
1112 3317 1169 3375 hoc
1188 3316 1253 3374 loco
1274 3314 1313 3373 sit
1331 3314 1425 3373 multa

241 3402 324 3459 Note
338 3400 443 3479 Crito]
473 3400 565 3461 Nunc
577 3403 709 3480 primum
721 3402 809 3461 video
859 3410 1013 3469 diversitas
1033 3409 1203 3480 lectionum,
1229 3407 1326 3485 [Vide
1341 3407 1423 3463 Nott.

241 3494 324 3555 huno
352 3495 451 3554 locum
472 3495 543 3554 olim
565 3497 735 3575 conjectura
756 3518 809 3557 sua
859 3508 964 3587 Crito]
985 3508 1067 3566 haud
1092 3507 1168 3565 maie
1195 3506 1316 3585 conjicit
1341 3506 1373 3563 C.
1389 3504 1423 3562 G.

240 3601 368 3651 tentasse
385 3588 495 3649 Virum
516 3590 809 3651 Reverendissimum
857 3602 999 3672 Balach,
1014 3603 1116 3678 (obss.
1131 3602 1241 3661 Plautt,
1256 3622 1285 3678 p.
1302 3609 1346 3668 12,
1364 3599 1423 3675 13.)

184 3727 186 3730 v
240 3688 409 3748 Fumosae.
424 3686 532 3759 Hm,
555 3688 641 3766 eujus
662 3690 694 3747 in
717 3690 807 3756 Pisu-
856 3695 1069 3775 recipiendum,
1082 3704 1102 3730 “
1112 3704 1151 3765 ut,
1161 3696 1296 3776 quidnam
1306 3714 1337 3752 os
1347 3692 1424 3764 uelit,

240 3795 306 3846 tum
318 3781 548 3853 lucubrationes,
559 3785 807 3861 nunquaminlu-
855 3795 966 3851 aare?
980 3811 1047 3869 quae
1056 3792 1094 3849 ad
1103 3789 1197 3849 codd.
1217 3791 1423 3867 Veterumque

242 3901 306 3940 cem
320 3880 417 3949 edisse,
436 3889 551 3941 exstant
573 3879 671 3939 adhuc
688 3880 721 3938 in
734 3881 807 3938 Mes.
857 3885 935 3944 Edd.
957 3886 1115 3945 lectionem
1137 3885 1272 3963 proxime
1299 3884 1422 3954 accedit,

243 3975 349 4033 Museo
371 3974 545 4033 Britannico
566 3974 683 4033 noviter
700 3974 805 4045 illaiiSJ
857 3983 1101 4062 commodamque
1122 3984 1198 4043 hanc
1221 3984 1337 4061 praebet
1357 4002 1423 4041 sen.

241 4068 279 4128 de
293 4070 402 4146 quibus
414 4071 502 4148 plura
511 4071 620 4129 videsis
636 4071 669 4129 in
690 4071 807 4129 Praefae
856 4076 995 4135 tentiam:
1010 4075 1122 4135 Servus
1131 4076 1262 4135 ediscere
1273 4074 1357 4153 qussi
1371 4074 1423 4131 de-

242 4162 308 4239 ejus
328 4165 420 4222 verba
436 4175 507 4223 sunt
514 4168 580 4235 ;—”
591 4164 791 4244 Tanquam...
797 4212 807 4238 ,
856 4170 908 4227 bet
928 4168 1021 4228 herile
1039 4169 1208 4247 imperium,
1231 4177 1266 4225 ut
1286 4187 1324 4225 ne
1347 4186 1424 4243 opus

241 4258 396 4317 manifesta
407 4259 522 4331 lacuna,
536 4262 672 4341 adquam
685 4262 806 4339 explen·
857 4262 896 4320 sit
907 4262 980 4321 hero
993 4283 1109 4340 semper
1122 4261 1232 4340 eloqui,
1247 4259 1320 4337 quid
1333 4259 1406 4317 velit
1413 4280 1423 4327 ;

244 4353 313 4414 dem
332 4354 492 4415 desiderari
515 4357 633 4417 videtur
657 4357 807 4435 quoddam
857 4357 935 4416 oculi
944 4356 1021 4417 servi
1029 4376 1212 4435 proenoscere
1220 4355 1339 4424 debent,
1350 4353 1422 4432 quid
