3250 5217
522 609 660 664 INDEX
684 612 730 663 IN
756 613 1051 667 AULULARIAM.

188 793 282 866 Quasi
295 794 408 852 ferrum
423 794 547 871 crepuit.
574 803 638 865 199.

188 899 282 972 Quasi
307 901 409 978 pueris
436 901 488 978 qui
521 921 593 962 nare
629 901 756 960 discunt.

247 1022 312 1074 550.

189 1127 259 1200 Qui.
280 1127 369 1186 ablat.
390 1127 456 1188 265.

189 1239 258 1310 Qui.
281 1235 370 1296 ablat.
393 1256 519 1317 proque
533 1259 574 1297 re.
595 1247 661 1308 294.

189 1348 259 1421 Qui.
279 1370 335 1429 pro
349 1350 380 1408 in
394 1351 512 1428 quibus.
533 1351 599 1412 456.

189 1455 260 1528 Qui.
286 1457 530 1538 (Wheremiihal.)
554 1467 619 1520 144.
634 1467 699 1520 331.

189 1566 270 1639 Quia
282 1586 343 1625 non
356 1569 481 1647 pendes.
501 1577 568 1639 597.

189 1678 309 1751 Quibus
322 1691 353 1739 et
367 1682 485 1759 quantis
498 1684 625 1760 gaudiia.
651 1683 717 1750 765.

187 1786 271 1859 Quid
281 1809 378 1866 agam.
400 1789 493 1866 (Ham
508 1791 530 1849 I
541 1791 599 1867 do.)
621 1800 668 1858 78.

187 1901 273 1972 Quid
285 1902 372 1980 agis?
395 1912 461 1974 491.

189 2013 273 2086 Quid
286 2018 364 2091 ego?
387 2023 453 2075 342.

189 2121 272 2194 Quid
285 2124 399 2183 emerui
410 2125 501 2184 mali?
524 2126 590 2196 692.

188 2233 272 2306 Quid
284 2257 332 2296 me
344 2241 446 2297 nune?
472 2248 535 2299 132.

188 2346 273 2419 Quid
292 2368 370 2407 nam.
386 2370 443 2428 per
466 2351 565 2410 immin
591 2352 747 2433 disjuncta·

249 2468 314 2519 381.

188 2569 272 2642 Quid
283 2570 395 2647 negotii
407 2575 473 2630 eet?
495 2581 561 2632 252.

189 2683 272 2755 Quid
284 2703 361 2762 opus
373 2694 419 2743 est
432 2686 541 2745 verbie
562 2695 628 2747 422.
642 2687 708 2749 426.

189 2795 272 2868 Quid
285 2816 385 2856 rerum
397 2817 508 2874 geram.
532 2806 575 2859 15.
592 2806 639 2866 78.

190 2909 273 2982 Quid
287 2910 311 2968 si
324 2909 424 2969 fallis?
448 2917 515 2977 733.

188 3022 272 3095 Quid
289 3023 313 3081 si
332 3023 480 3101 quispiam
496 3025 598 3102 ignem
621 3027 750 3104 quaerit?

247 3141 294 3194 52.

188 3243 272 3316 Quid
283 3242 339 3302 tibi
353 3247 419 3302 est?
445 3253 509 3315 199.

188 3352 271 3425 Quid
284 3354 340 3414 tibi
353 3374 449 3413 meam
462 3355 553 3414 tactio
565 3361 629 3415 eet?
652 3364 717 3424 701.

188 3461 271 3534 Quid
284 3463 340 3522 tibi
352 3483 470 3523 mecum
483 3467 672 3526 commercii?
688 3476 754 3530 585.

188 3573 272 3646 Quid
284 3574 340 3632 tibi
353 3593 408 3632 nos
421 3575 511 3634 tactio
523 3581 588 3636 eet?
609 3585 676 3645 377.

188 3684 272 3756 Quid
284 3689 338 3744 tu?
363 3693 427 3746 140.

188 3797 270 3869 Quin
283 3817 340 3874 ego
353 3797 441 3856 dico?
464 3805 530 3865 772.

187 3907 375 3986 Quingentoe
387 3929 483 3968 cocos.
504 3917 570 3970 508.

187 4017 309 4095 Quippe
321 4018 366 4076 nil
378 4017 459 4078 intus
473 4039 586 4078 servem
598 4022 606 4078 !
627 4028 674 4081 42.

187 4128 309 4206 Quippe
323 4128 384 4206 qui.
404 4137 470 4190 302.

187 4235 302 4315 Quiqui
315 4248 367 4296 est.
389 4245 454 4304 732.

187 4348 264 4419 Quis
278 4370 312 4408 ee
325 4352 391 4408 est?
415 4356 479 4415 127.

1312 604 1379 666 213

813 794 1005 866 Quis-nam.
1031 797 1147 856 Tmesia.
1167 799 1213 868 96.

812 905 897 978 Quis.
918 926 973 983 pro
987 927 1057 986 quoe.
1077 907 1126 977 96.

812 1016 895 1089 Quit.
916 1026 983 1078 345.

812 1131 891 1204 Qu·o
914 1132 1159 1212 (Wherewithal.)
1182 1137 1215 1193 P.
1229 1145 1274 1196 14.

811 1241 882 1314 Quo
894 1242 952 1300 iilae
966 1244 1100 1301 nubent?
1123 1252 1189 1304 443.

811 1347 882 1420 Quo
894 1351 1055 1409 incumbat.
1080 1360 1145 1422 549.

811 1459 882 1532 Quo
894 1463 1005 1535 lubeat,
1019 1466 1142 1524 nubant.
1163 1474 1229 1526 445.

811 1571 903 1644 Quod
916 1572 958 1630 dii
972 1573 1052 1642 dant,
1066 1575 1138 1635 fero.
1158 1584 1205 1646 49.

811 1680 902 1753 Quod
915 1702 995 1743 nunc
1008 1684 1108 1744 habes.
1131 1695 1196 1747 501.
1217 1697 1282 1750 502.

811 1793 901 1866 Quod
915 1797 1001 1875 pueri
1014 1798 1165 1858 clamitant
1180 1823 1210 1860 ae
1223 1805 1378 1881 reperisse.

870 1917 934 1976 774·

1077 2136 1112 2193 R.

812 2239 945 2298 Radebat
956 2240 1085 2318 pedibus
1098 2253 1216 2303 terram.
1238 2256 1304 2319 579.

811 2353 1036 2430 Rapacidarum.
1058 2364 1124 2418 324.

810 2463 936 2544 Rapiam
949 2478 979 2527 te
992 2469 1029 2527 ad
1043 2483 1210 2550 proetorem.
1231 2478 1297 2543 716.

810 2576 925 2636 Ravim.
945 2587 1013 2649 290.

809 2687 917 2747 Ratem
929 2713 993 2753 esee
1006 2714 1131 2756 servom.
1153 2706 1219 2760 552.

810 2797 896 2855 Ratio
908 2809 1040 2877 putatur.
1064 2812 1131 2864 482.
1231 2834 1236 2844 ·

810 2907 1069 2971 Rationemedidi.
1089 2915 1157 2975 336.

809 3019 968 3080 Rationem
980 3025 1104 3084 reddam
1117 3028 1190 3088 tibi!
1212 3031 1240 3090 6.

811 3131 936 3190 Rebitur
949 3153 1012 3194 sese
1025 3136 1163 3197 derideri.
1187 3140 1250 3202 162.

810 3238 964 3317 Recipiam
977 3263 1026 3303 me
1039 3245 1170 3306 domum.
1191 3257 1237 3310 80.

811 3352 928 3430 Recipit
941 3373 1004 3413 sese
1017 3356 1148 3417 domum.
1170 3369 1235 3423 134.

810 3466 901 3524 Recte
913 3467 1019 3527 facere.
1032 3490 1089 3548 pro
1101 3472 1170 3532 dene
1182 3477 1288 3538 facere.
1308 3487 1376 3550 292.

810 3575 944 3634 Reddam
957 3580 1110 3640 rationem.
1131 3585 1159 3644 6.

810 3685 886 3743 Rem
900 3686 1040 3748 divinam.
1061 3693 1127 3753 566.

811 3792 885 3851 Rem
898 3795 1043 3870 potiorem
1056 3801 1151 3860 video.
1172 3803 1238 3871 647.

811 3904 935 3964 Remisit
947 3909 1115 3985 repudium.
1137 3913 1203 3980 756.

810 4016 1029 4079 Renunciatum
1042 4035 1096 4083 est.
1116 4033 1182 4085 558.

811 4132 991 4193 Renuntiare
1003 4139 1171 4215 repudium.
1192 4149 1257 4207 740.

811 4228 967 4324 Reperero.
988 4256 1053 4316 575.

812 4357 931 4434 Reperi.
953 4368 1017 4427 774.
