3250 5217
252 550 294 613 la
584 617 589 627 ,
666 554 715 616 M.
741 555 783 616 A.
810 554 996 619 PLAUTl

555 646 709 734 aeda..

350 741 410 816 Ne
432 712 594 861 miqtex
618 745 759 818 insidiis
782 746 888 819 verba
910 746 1130 843 imprudenti
1157 666 1488 843 duffii-reum·

351 866 436 943 Neu
461 872 633 1017 peplsffiif
675 836 941 1019 twinam-irbi
966 884 1020 948 est
1045 873 1303 959 absconditum,

353 995 445 1081 Quae
471 997 509 1068 in
535 1022 607 1071 occl
665 1023 699 1071 ro
724 1024 864 1095 quoque
889 997 997 1071 habet
1022 999 1140 1071 oculos
1165 1024 1340 1095 pessuma.
1403 1015 1441 1067 25

353 1122 463 1197 Nunc
488 1124 548 1197 ibo
569 1136 612 1197 ut
637 1126 759 1210 visam,
786 1136 886 1198 estne
911 1126 964 1199 ita
985 1150 1123 1210 aurum,
1149 1137 1191 1197 ut
1216 1126 1369 1210 condidi,

355 1248 464 1334 Quod
488 1275 546 1325 me
570 1250 739 1324 sollicitat
762 1250 926 1346 plurimis
950 1252 1115 1324 miserum
1145 1251 1268 1324 modis.

257 1376 320 1449 ST.
354 1374 434 1451 Nec
458 1402 554 1449 nunc
579 1387 760 1461 mecastor,
789 1377 883 1472 quid
901 1375 985 1451 hero
1011 1402 1076 1473 ego
1102 1376 1217 1450 dicam
1240 1402 1318 1450 meo

356 1500 466 1574 Malae
491 1502 542 1575 rei
569 1503 736 1586 evenisse,
762 1526 912 1597 quamve
934 1504 1121 1586 insaniam,

356 1628 461 1714 Queo
479 1651 716 1701 commrnrscrr
740 1640 793 1699 1ta
808 1653 866 1701 me
882 1653 1045 1701 miseram
1064 1625 1220 1700 adhunc
1236 1627 1381 1700 modum
1407 1642 1445 1693 ao

357 1754 490 1827 Decies
517 1753 575 1827 die
600 1778 671 1827 uno
697 1779 787 1850 saepe
810 1754 972 1827 extrudit
996 1754 1140 1951 ἠχῇ.
1209 1823 1283 1877 Μ

358 1878 490 1951 Nescio
514 1877 584 1975 pol,
611 1864 698 1974 quae¹
713 1878 825 1951 illunc
850 1877 1030 1955 homiuem
1056 1880 1094 1953 in
1132 1814 1275 1974 iri'qilriae
1301 1888 1446 1950 tenent:

358 2003 560 2102 Pervigilat
582 2015 703 2079 noctes
729 2016 844 2091 totas3
871 2016 949 2078 tum
974 2016 1093 2079 autem
1120 2003 1296 2077 interdius

360 2131 470 2218 Quasi
496 2132 641 2208 claudus
667 2142 765 2205 sutor
790 2131 887 2207 domi
913 2131 1012 2207 sedet
1035 2140 1129 2206 totos
1154 2129 1240 2203 dies.

359 2256 489 2355 Neque
509 2262 596 2354 jam,
624 2284 693 2355 quo
718 2271 823 2356 pacto
845 2258 955 2333 celem
979 2256 1103 2331 herilis
1126 2257 1208 2329 iiliae
1411 2269 1448 2321 35

359 2383 550 2468 Probrum,
574 2387 772 2481 propinqua
797 2384 981 2482 partitudo
1006 2386 1064 2457 cui
1089 2386 1239 2481 appetit,

361 2511 461 2596 Queo
485 2511 722 2595 comminisci3
750 2536 865 2607 neque
887 2512 1073 2608 quicquam
1100 2508 1227 2581 melius
1253 2519 1307 2582 est
1331 2505 1432 2591 mihi,

362 2638 416 2711 Ut
441 2637 574 2734 opinor,
599 2663 704 2733 quam
731 2663 775 2710 ex
801 2664 859 2711 me
883 2650 926 2711 ut
951 2664 1058 2711 unam
1086 2636 1210 2710 faciam
1237 2636 1396 2710 litteram

310 2900 329 2927 v.
341 2890 369 2928 at.
395 2890 442 2928 'tres
454 2889 516 2928 codd.
534 2890 558 2929 R.
571 2892 589 2929 2.
608 2890 631 2928 B.
645 2892 661 2929 l.
678 2896 699 2930 et
712 2892 737 2938 A,
752 2893 898 2939 promorat·
912 2893 948 2934 sed
959 2893 1032 2932 melius
1045 2893 1197 2942 mulget-ez
1210 2894 1236 2937 A,
1247 2892 1362 2940 pomum
1372 2892 1453 2932 mom

264 2955 411 2994 modu—28.
424 2955 472 3000 Nec,
484 2954 517 2993 lta
524 2964 595 2993 omna
602 2955 664 2994 codd.
677 2955 731 3005 apud
739 2959 784 3001 tres,
797 2965 853 2995 aune
864 2962 959 3005 corrupte
968 2956 1046 3005 legion.
1072 2956 1115 2995 Bo:
1127 2966 1152 2996 aa
1159 2966 1222 3002 nunc,
1234 2955 1291 3004 quasi
1300 2964 1325 2994 nc
1336 2964 1372 3003 per
1379 2955 1452 2993 tmerin

265 3016 392 3067 disjungatur
403 3026 416 3054 a
426 3017 488 3055 verbo
500 3026 537 3054 suo
549 3026 605 3065 queo,
618 3017 673 3065 quod
685 3020 715 3056 eet
726 3017 748 3055 in
761 3029 779 3055 v.
788 3019 818 3057 ³).
843 3018 944 3057 ceterum
954 3017 1109 3067 intelligendum
1120 3017 1239 3066 Staphylem
1248 3017 1284 3055 diu
1294 3015 1393 3055 submissa
1402 3027 1453 3055 voce

265 3080 396 3122 munientem,
408 3076 452 3123 jam
465 3076 525 3122 clare,
538 3080 559 3115 et
572 3076 629 3127 quasi
642 3076 761 3115 continuata
773 3077 871 3123 oratione,
889 3078 951 3126 loqui,
966 3078 1021 3116 unde
1036 3076 1087 3115 illud
1100 3088 1150 3118 nce:
1167 3078 1199 3116 vel
1211 3077 1286 3126 pendet
1298 3087 1312 3115 a
1322 3088 1372 3115 voce
1382 3087 1452 3125 aeque,

263 3142 322 3181 Infra
334 3153 353 3180 r.
362 3143 391 3181 ³5.
417 3144 524 3188 Mercator,
537 3141 628 3190 plerique
637 3141 706 3189 scripu·
720 3142 796 3180 habent
807 3151 839 3179 mc
851 3142 1010 3180 meme-ot.
1024 3141 1115 3187 Quamor
1128 3141 1182 3180 Mas„
1195 3141 1290 3180 wtnoett.
1315 3140 1381 3187 Unus,
1396 3140 1420 3178 It
1434 3142 1452 3177 2.

264 3204 448 3243 abuma-or.
461 3203 526 3250 illum,
539 3202 565 3241 Η.
574 3205 592 3241 6.
606 3203 629 3241 B.
639 3205 732 3243 l.-oe.
747 3204 804 3252 Quot,
819 3203 841 3241 Β.
856 3205 872 3241 l.
887 3204 912 3242 V,
921 3206 939 3243 a
948 3205 991 3251 qui,
1006 3204 1031 3241 R
1040 3206 1057 3241 2
1084 3204 1164 3253 Reliqui
1175 3205 1292 3249 art-«37.
1305 3203 1452 3243 Prmunuaud.

265 3267 351 3305 mdtmt.
365 3266 406 3305 Bo:
418 3270 488 3305 contra
500 3266 562 3305 fldem
574 3267 636 3307 codd.
650 3268 766 3307 astruitur.

308 3478 355 3529 23.
396 3466 444 3524 Ea
478 3466 621 3547 insidiis]
672 3468 836 3538 Insidiose3
927 3476 974 3527 34.
1016 3465 1110 3531 Quasi
1124 3466 1366 3548 clauderentur]
1395 3470 1453 3528 Su-

268 3562 411 3622 insidians
432 3559 505 3618 mihi
514 3582 523 3630 3
545 3560 721 3619 clanculum.
887 3571 967 3621 tores
984 3580 1101 3639 nempe,
1120 3572 1154 3620 ut
1172 3582 1301 3639 quorum
1316 3584 1392 3642 opus
1409 3585 1454 3623 se-

310 3697 356 3750 25,
388 3685 460 3751 Qum
474 3686 505 3743 ᾖ,
518 3685 650 3763 occipitio
663 3706 772 3765 quoque
785 3686 838 3745 ha*
889 3654 1055 3713 dentarium
1073 3655 1120 3725 sit,
1137 3655 1218 3714 haud
1235 3676 1302 3714 raro
1320 3678 1357 3715 ex
1374 3659 1453 3716 clau-

227 3769 230 3773 ’
272 3784 316 3842 bet
329 3780 450 3860 ocum]
487 3780 625 3838 Ridicule
640 3779 763 3850 dietum,
778 3801 840 3859 quo
890 3750 935 3807 dis
945 3749 1125 3821 hominibus,
1134 3751 1322 3829 autpedibus
1330 3754 1455 3811 infirmis

272 3878 501 3939 oculatissimam
519 3896 581 3935 esse
595 3875 749 3953 significet.
790 3876 839 3934 ei.
889 3856 981 3903 ⁰1³⁰&
1022 3845 1073 3903 Sic
1086 3843 1170 3903 Infra
1183 3845 1250 3915 4¹57,
1263 3847 1456 3906 “Sedentan'i

273 3984 317 4033 tat
329 3975 406 4033 inter
420 3972 539 4051 Adagia
552 3974 666 4031 Erasm.
693 3974 710 3995 ''
718 3971 766 4032 De
773 3993 839 4031 ver·
890 3944 1028 4003 mmm„
1047 3943 1247 4003 mmmmm·

275 4068 349 4127 sutis
377 4077 407 4126 et
438 4066 670 4144 circumspectio,
706 4087 841 4144 quosque
930 4088 976 4140 38,
1019 4080 1067 4137 Ex
1080 4102 1123 4139 mg
1138 4089 1169 4139 pt
1183 4082 1390 4161 unamfaciam
1407 4081 1455 4139 lit.

275 4161 449 4238 neutiquam
469 4160 602 4238 proelive
622 4160 660 4217 sit
678 4160 812 4219 fallere.“
891 4183 981 4234 teram
995 4179 1117 4255 longam,
1132 4179 1206 4257 ew]
1247 4177 1393 4256 Inoeffigit
1407 4178 1456 4236 ljt,

315 4279 361 4340 29.
389 4269 481 4328 Maloe
495 4270 565 4350 rei]
586 4271 647 4329 Pro
660 4269 729 4330 mali
734 4292 747 4336 ;
765 4272 805 4329 H.
816 4291 841 4329 e.
892 4280 985 4331 teram
1000 4274 1025 4343 l,
1045 4294 1112 4350 quae
1132 4273 1258 4331 formam
1272 4273 1368 4349 ipsam
1383 4294 1459 4351 pen-

276 4365 376 4444 pestis,
398 4364 563 4436 infortunii,
581 4377 632 4425 aut
646 4366 704 4427 tale
718 4366 841 4446 aliquid.
892 4365 976 4425 silem
999 4388 1061 4446 prae
1085 4369 1204 4438 refert,
1232 4379 1262 4426 et
1281 4381 1456 4445 porrectam.
