<?xml version="1.0" encoding="UTF-8"?>
<!DOCTYPE html PUBLIC "-//W3C//DTD XHTML 1.0 Transitional//EN"
    "http://www.w3.org/TR/xhtml1/DTD/xhtml1-transitional.dtd">
<html xmlns="http://www.w3.org/1999/xhtml" xml:lang="en" lang="en">
 <head>
  <title>
</title>
<meta http-equiv="Content-Type" content="text/html;charset=utf-8" />
  <meta name='ocr-system' content='tesseract 3.04.00' />
  <meta name='ocr-capabilities' content='ocr_page ocr_carea ocr_par ocr_line ocrx_word'/>
</head>
<body>
  <div class='ocr_page' id='page_1' title='image "./maplautiaulular00hildgoog/maplautiaulular00hildgoog_0116.png"; bbox 0 0 3250 5217; ppageno 0'>
   <div class='ocr_carea' id='block_1_1' title="bbox 687 581 1013 647">
    <p class='ocr_par' dir='ltr' id='par_1_1' title="bbox 687 581 1013 647">
     <span class='ocr_line' id='line_1_1' title="bbox 687 581 1013 647; baseline 0.012 -4"><span class='ocrx_word' id='word_1_1' title='bbox 687 581 737 643; x_wconf 88' lang='lat' dir='ltr'>M.</span> <span class='ocrx_word' id='word_1_2' title='bbox 763 581 800 643; x_wconf 73' lang='lat' dir='ltr'>A.</span> <span class='ocrx_word' id='word_1_3' title='bbox 828 582 1013 647; x_wconf 87' lang='lat' dir='ltr'><strong>PLAUTI</strong></span> 
     </span>
    </p>
   </div>
   <div class='ocr_carea' id='block_1_2' title="bbox 255 773 1419 1125">
    <p class='ocr_par' dir='ltr' id='par_1_2' title="bbox 255 773 1419 1125">
     <span class='ocr_line' id='line_1_2' title="bbox 255 773 1166 869; baseline 0.005 -22"><span class='ocrx_word' id='word_1_4' title='bbox 255 865 258 869; x_wconf 9' lang='grc' dir='ltr'><strong>Α</strong></span> <span class='ocrx_word' id='word_1_5' title='bbox 346 773 548 848; x_wconf 84' lang='lat' dir='ltr'><strong>Memorare</strong></span> <span class='ocrx_word' id='word_1_6' title='bbox 572 774 663 860; x_wconf 92' lang='lat' dir='ltr'>nolo,</span> <span class='ocrx_word' id='word_1_7' title='bbox 690 774 874 849; x_wconf 91' lang='lat' dir='ltr'>hominurn</span> <span class='ocrx_word' id='word_1_8' title='bbox 900 778 1166 852; x_wconf 81' lang='lat' dir='ltr'>mendicabula:</span> 
     </span>
     <span class='ocr_line' id='line_1_3' title="bbox 346 899 1328 1001; baseline 0.003 -29"><span class='ocrx_word' id='word_1_9' title='bbox 346 899 429 997; x_wconf 84' lang='lat' dir='ltr'>Ego</span> <span class='ocrx_word' id='word_1_10' title='bbox 454 924 531 972; x_wconf 91' lang='lat' dir='ltr'>sum</span> <span class='ocrx_word' id='word_1_11' title='bbox 557 900 619 972; x_wconf 91' lang='lat' dir='ltr'>ille</span> <span class='ocrx_word' id='word_1_12' title='bbox 643 926 706 974; x_wconf 88' lang='lat' dir='ltr'>rex</span> <span class='ocrx_word' id='word_1_13' title='bbox 729 899 944 1000; x_wconf 84' lang='lat' dir='ltr'>Philippus!</span> <span class='ocrx_word' id='word_1_14' title='bbox 971 901 1007 975; x_wconf 94' lang='grc' dir='ltr'>Ο</span> <span class='ocrx_word' id='word_1_15' title='bbox 1030 903 1188 1001; x_wconf 90' lang='lat' dir='ltr'>lepidum</span> <span class='ocrx_word' id='word_1_16' title='bbox 1212 902 1328 977; x_wconf 90' lang='lat' dir='ltr'>diem!</span> 
     </span>
     <span class='ocr_line' id='line_1_4' title="bbox 347 1022 1419 1125; baseline 0.002 -28"><span class='ocrx_word' id='word_1_17' title='bbox 347 1024 443 1099; x_wconf 85' lang='lat' dir='ltr'>Nam</span> <span class='ocrx_word' id='word_1_18' title='bbox 466 1036 508 1099; x_wconf 91' lang='lat' dir='ltr'>ut</span> <span class='ocrx_word' id='word_1_19' title='bbox 533 1025 669 1098; x_wconf 91' lang='lat' dir='ltr'>dudum</span> <span class='ocrx_word' id='word_1_20' title='bbox 692 1023 777 1099; x_wconf 86' lang='lat' dir='ltr'>hinc</span> <span class='ocrx_word' id='word_1_21' title='bbox 791 1022 884 1112; x_wconf 85' lang='lat' dir='ltr'>abii,</span> <span class='ocrx_word' id='word_1_22' title='bbox 910 1028 1025 1101; x_wconf 90' lang='lat' dir='ltr'>multo</span> <span class='ocrx_word' id='word_1_23' title='bbox 1049 1028 1136 1101; x_wconf 85' lang='lat' dir='ltr'>illuc</span> <span class='ocrx_word' id='word_1_24' title='bbox 1161 1028 1287 1103; x_wconf 81' lang='lat' dir='ltr'>adveni</span> <span class='ocrx_word' id='word_1_25' title='bbox 1312 1027 1419 1125; x_wconf 90' lang='lat' dir='ltr'>prior,</span> 
     </span>
    </p>
   </div>
   <div class='ocr_carea' id='block_1_3' title="bbox 246 1238 1432 1354">
    <p class='ocr_par' dir='ltr' id='par_1_3' title="bbox 246 1238 1432 1354">
     <span class='ocr_line' id='line_1_5' title="bbox 293 1238 1432 1290; baseline 0 -11"><span class='ocrx_word' id='word_1_26' title='bbox 293 1252 312 1280; x_wconf 82' lang='lat' dir='ltr'>v.</span> <span class='ocrx_word' id='word_1_27' title='bbox 323 1241 364 1280; x_wconf 68' lang='lat' dir='ltr'>m</span> <span class='ocrx_word' id='word_1_28' title='bbox 388 1241 456 1280; x_wconf 72' lang='lat' dir='ltr'>uano</span> <span class='ocrx_word' id='word_1_29' title='bbox 471 1240 527 1286; x_wconf 71' lang='lat' dir='ltr'>dtur,</span> <span class='ocrx_word' id='word_1_30' title='bbox 544 1239 578 1279; x_wconf 78' lang='lat' dir='ltr'>Ita</span> <span class='ocrx_word' id='word_1_31' title='bbox 593 1249 665 1278; x_wconf 86' lang='lat' dir='ltr'>ornnes</span> <span class='ocrx_word' id='word_1_32' title='bbox 680 1239 743 1278; x_wconf 78' lang='lat' dir='ltr'>codd.</span> <span class='ocrx_word' id='word_1_33' title='bbox 759 1238 828 1279; x_wconf 74' lang='lat' dir='ltr'>Nosti.</span> <span class='ocrx_word' id='word_1_34' title='bbox 844 1245 865 1280; x_wconf 84' lang='lat' dir='ltr'>et</span> <span class='ocrx_word' id='word_1_35' title='bbox 876 1239 952 1279; x_wconf 69' lang='lat' dir='ltr'>vintru</span> <span class='ocrx_word' id='word_1_36' title='bbox 971 1241 1039 1290; x_wconf 76' lang='lat' dir='ltr'>itaque</span> <span class='ocrx_word' id='word_1_37' title='bbox 1057 1240 1107 1279; x_wconf 74' lang='lat' dir='ltr'>Edu</span> <span class='ocrx_word' id='word_1_38' title='bbox 1120 1240 1178 1281; x_wconf 79' lang='lat' dir='ltr'>vett</span> <span class='ocrx_word' id='word_1_39' title='bbox 1191 1242 1240 1281; x_wconf 73' lang='lat' dir='ltr'>tusto</span> <span class='ocrx_word' id='word_1_40' title='bbox 1251 1240 1350 1279; x_wconf 83' lang='lat' dir='ltr'>nimimm</span> <span class='ocrx_word' id='word_1_41' title='bbox 1360 1239 1432 1288; x_wconf 77' lang='lat' dir='ltr'>rapide</span> 
     </span>
     <span class='ocr_line' id='line_1_6' title="bbox 246 1301 1430 1354; baseline -0.001 -11"><span class='ocrx_word' id='word_1_42' title='bbox 246 1303 390 1353; x_wconf 68' lang='lat' dir='ltr'>pronuntianti.</span> <span class='ocrx_word' id='word_1_43' title='bbox 407 1307 432 1343; x_wconf 84' lang='lat' dir='ltr'>ut</span> <span class='ocrx_word' id='word_1_44' title='bbox 446 1302 520 1352; x_wconf 65' lang='lat' dir='ltr'>pmrn</span> <span class='ocrx_word' id='word_1_45' title='bbox 536 1302 591 1351; x_wconf 82' lang='lat' dir='ltr'>apud</span> <span class='ocrx_word' id='word_1_46' title='bbox 606 1301 712 1341; x_wconf 80' lang='lat' dir='ltr'>Nostrum.</span> <span class='ocrx_word' id='word_1_47' title='bbox 729 1302 816 1341; x_wconf 80' lang='lat' dir='ltr'>Fallimr</span> <span class='ocrx_word' id='word_1_48' title='bbox 830 1303 906 1350; x_wconf 68' lang='lat' dir='ltr'>Hans,</span> <span class='ocrx_word' id='word_1_49' title='bbox 924 1303 958 1342; x_wconf 84' lang='lat' dir='ltr'>oui</span> <span class='ocrx_word' id='word_1_50' title='bbox 970 1304 1051 1343; x_wconf 83' lang='lat' dir='ltr'>videtur</span> <span class='ocrx_word' id='word_1_51' title='bbox 1061 1306 1125 1345; x_wconf 78' lang='lat' dir='ltr'>mutto</span> <span class='ocrx_word' id='word_1_52' title='bbox 1135 1315 1161 1343; x_wconf 81' lang='lat' dir='ltr'>ex</span> <span class='ocrx_word' id='word_1_53' title='bbox 1172 1315 1227 1354; x_wconf 81' lang='lat' dir='ltr'>sequ.</span> <span class='ocrx_word' id='word_1_54' title='bbox 1240 1316 1298 1345; x_wconf 85' lang='lat' dir='ltr'>versu</span> <span class='ocrx_word' id='word_1_55' title='bbox 1306 1309 1383 1351; x_wconf 87' lang='lat' dir='ltr'>ortum,</span> <span class='ocrx_word' id='word_1_56' title='bbox 1396 1304 1430 1343; x_wconf 82' lang='lat' dir='ltr'>vel</span> 
     </span>
    </p>
   </div>
   <div class='ocr_carea' id='block_1_4' title="bbox 245 1364 1045 1417">
    <p class='ocr_par' dir='ltr' id='par_1_4' title="bbox 245 1364 1045 1417">
     <span class='ocr_line' id='line_1_7' title="bbox 245 1364 1045 1417; baseline -0.003 -10"><span class='ocrx_word' id='word_1_57' title='bbox 245 1367 353 1417; x_wconf 57' lang='lat' dir='ltr'>launum</span> <span class='ocrx_word' id='word_1_58' title='bbox 364 1368 414 1410; x_wconf 74' lang='lat' dir='ltr'>lllor</span> <span class='ocrx_word' id='word_1_59' title='bbox 425 1366 481 1415; x_wconf 79' lang='lat' dir='ltr'>quod</span> <span class='ocrx_word' id='word_1_60' title='bbox 491 1365 548 1405; x_wconf 76' lang='lat' dir='ltr'>dedit</span> <span class='ocrx_word' id='word_1_61' title='bbox 558 1364 629 1404; x_wconf 66' lang='lat' dir='ltr'>lamb</span> <span class='ocrx_word' id='word_1_62' title='bbox 655 1364 762 1413; x_wconf 66' lang='lat' dir='ltr'>Pepenm</span> <span class='ocrx_word' id='word_1_63' title='bbox 773 1369 941 1414; x_wconf 76' lang='lat' dir='ltr'>transposuerunt</span> <span class='ocrx_word' id='word_1_64' title='bbox 952 1366 1045 1407; x_wconf 78' lang='lat' dir='ltr'>ueoentt.</span> 
     </span>
    </p>
   </div>
   <div class='ocr_carea' id='block_1_5' title="bbox 247 1548 1401 1618">
    <p class='ocr_par' dir='ltr' id='par_1_5' title="bbox 247 1548 1401 1618">
     <span class='ocr_line' id='line_1_8' title="bbox 247 1548 1401 1618; baseline -0.01 -6"><span class='ocrx_word' id='word_1_65' title='bbox 247 1551 371 1611; x_wconf 85' lang='lat' dir='ltr'>structio</span> <span class='ocrx_word' id='word_1_66' title='bbox 390 1550 513 1608; x_wconf 90' lang='lat' dir='ltr'>minime</span> <span class='ocrx_word' id='word_1_67' title='bbox 528 1549 638 1607; x_wconf 88' lang='lat' dir='ltr'>Nostro</span> <span class='ocrx_word' id='word_1_68' title='bbox 660 1548 811 1618; x_wconf 87' lang='lat' dir='ltr'>inusitata,</span> <span class='ocrx_word' id='word_1_69' title='bbox 863 1549 1137 1610; x_wconf 73' lang='lat' dir='ltr'>“Aswhenagryphon</span> <span class='ocrx_word' id='word_1_70' title='bbox 1147 1550 1206 1598; x_wconf 88' lang='lat' dir='ltr'>thro&#39;</span> <span class='ocrx_word' id='word_1_71' title='bbox 1216 1550 1256 1598; x_wconf 82' lang='lat' dir='ltr'>the</span> <span class='ocrx_word' id='word_1_72' title='bbox 1265 1550 1401 1600; x_wconf 83' lang='lat' dir='ltr'>wilderness</span> 
     </span>
    </p>
   </div>
   <div class='ocr_carea' id='block_1_6' title="bbox 244 1626 1413 1835">
    <p class='ocr_par' dir='ltr' id='par_1_6' title="bbox 244 1626 1413 1835">
     <span class='ocr_line' id='line_1_9' title="bbox 246 1626 1413 1724; baseline -0.012 -37"><span class='ocrx_word' id='word_1_73' title='bbox 246 1666 314 1724; x_wconf 71' lang='lat' dir='ltr'>quae</span> <span class='ocrx_word' id='word_1_74' title='bbox 347 1643 537 1703; x_wconf 56' lang='lat' dir='ltr'><strong><em>nominativus</em></strong></span> <span class='ocrx_word' id='word_1_75' title='bbox 566 1642 696 1722; x_wconf 53' lang='lat' dir='ltr'>pendens</span> <span class='ocrx_word' id='word_1_76' title='bbox 731 1643 812 1721; x_wconf 67' lang='lat' dir='ltr'>apud</span> <span class='ocrx_word' id='word_1_77' title='bbox 891 1627 994 1675; x_wconf 89' lang='lat' dir='ltr'>Pursues</span> <span class='ocrx_word' id='word_1_78' title='bbox 1002 1626 1210 1713; x_wconf 31' lang='lat' dir='ltr'>the‘Arimuspian,</span> <span class='ocrx_word' id='word_1_79' title='bbox 1219 1626 1272 1675; x_wconf 90' lang='lat' dir='ltr'>who</span> <span class='ocrx_word' id='word_1_80' title='bbox 1282 1628 1314 1685; x_wconf 83' lang='lat' dir='ltr'>by</span> <span class='ocrx_word' id='word_1_81' title='bbox 1327 1626 1413 1713; x_wconf 76' lang='lat' dir='ltr'>stealth</span> 
     </span>
     <span class='ocr_line' id='line_1_10' title="bbox 244 1702 1168 1835; baseline 0 -17"><span class='ocrx_word' id='word_1_82' title='bbox 244 1739 451 1818; x_wconf 59' lang='lat' dir='ltr'>,mm</span> <span class='ocrx_word' id='word_1_83' title='bbox 486 1736 660 1815; x_wconf 64' lang='lat'>„,‚,11„„.</span> <span class='ocrx_word' id='word_1_84' title='bbox 718 1737 812 1816; x_wconf 65' lang='lat' dir='ltr'>cujus</span> <span class='ocrx_word' id='word_1_85' title='bbox 890 1702 1406 1835; x_wconf 43' lang='lat' dir='ltr'>thesuarizandum</span> 
     </span>
    </p>
   </div>
   <div class='ocr_carea' id='block_1_7' title="bbox 179 1831 1426 3766">
    <p class='ocr_par' dir='ltr' id='par_1_7' title="bbox 179 1831 1426 3766">
     <span class='ocr_line' id='line_1_11' title="bbox 245 1831 1389 1909; baseline -0.011 -16"><span class='ocrx_word' id='word_1_86' title='bbox 245 1836 340 1893; x_wconf 89' lang='lat' dir='ltr'>simile</span> <span class='ocrx_word' id='word_1_87' title='bbox 362 1844 406 1893; x_wconf 87' lang='lat' dir='ltr'>est</span> <span class='ocrx_word' id='word_1_88' title='bbox 424 1833 500 1892; x_wconf 90' lang='lat' dir='ltr'>illud</span> <span class='ocrx_word' id='word_1_89' title='bbox 518 1832 549 1889; x_wconf 92' lang='lat' dir='ltr'>in</span> <span class='ocrx_word' id='word_1_90' title='bbox 569 1831 718 1909; x_wconf 83' lang='lat' dir='ltr'>Amphitr.</span> <span class='ocrx_word' id='word_1_91' title='bbox 742 1839 808 1899; x_wconf 85' lang='lat'><strong>857.</strong></span> <span class='ocrx_word' id='word_1_92' title='bbox 1208 1834 1261 1882; x_wconf 78' lang='lat' dir='ltr'>Lib.</span> <span class='ocrx_word' id='word_1_93' title='bbox 1276 1834 1313 1883; x_wconf 89' lang='lat'>11.</span> <span class='ocrx_word' id='word_1_94' title='bbox 1337 1836 1389 1882; x_wconf 83' lang='grc'><strong>943.</strong></span> 
     </span>
     <span class='ocr_line' id='line_1_12' title="bbox 245 1926 1424 2006; baseline -0.003 -19"><span class='ocrx_word' id='word_1_95' title='bbox 245 1939 265 1965; x_wconf 90' lang='lat'><strong>“</strong></span> <span class='ocrx_word' id='word_1_96' title='bbox 272 1930 451 1996; x_wconf 81' lang='lat' dir='ltr'>Naucraten,</span> <span class='ocrx_word' id='word_1_97' title='bbox 472 1946 553 2006; x_wconf 81' lang='lat' dir='ltr'>quem</span> <span class='ocrx_word' id='word_1_98' title='bbox 576 1926 733 1985; x_wconf 89' lang='lat' dir='ltr'>convenire</span> <span class='ocrx_word' id='word_1_99' title='bbox 757 1947 808 1984; x_wconf 93' lang='lat' dir='ltr'>vo·</span> <span class='ocrx_word' id='word_1_100' title='bbox 897 1926 964 1987; x_wconf 85' lang='lat'><strong>656.</strong></span> <span class='ocrx_word' id='word_1_101' title='bbox 1003 1927 1068 2005; x_wconf 88' lang='lat' dir='ltr'>Ego</span> <span class='ocrx_word' id='word_1_102' title='bbox 1088 1926 1165 1985; x_wconf 81' lang='lat' dir='ltr'>solua</span> <span class='ocrx_word' id='word_1_103' title='bbox 1185 1927 1315 2006; x_wconf 79' lang='lat' dir='ltr'>supera]</span> <span class='ocrx_word' id='word_1_104' title='bbox 1356 1927 1424 2006; x_wconf 91' lang='lat' dir='ltr'>Hy-</span> 
     </span>
     <span class='ocr_line' id='line_1_13' title="bbox 242 2021 1426 2100; baseline -0.001 -18"><span class='ocrx_word' id='word_1_105' title='bbox 242 2026 302 2093; x_wconf 86' lang='lat' dir='ltr'>lui,</span> <span class='ocrx_word' id='word_1_106' title='bbox 315 2024 348 2082; x_wconf 88' lang='lat' dir='ltr'>in</span> <span class='ocrx_word' id='word_1_107' title='bbox 360 2023 430 2082; x_wconf 88' lang='lat' dir='ltr'>navi</span> <span class='ocrx_word' id='word_1_108' title='bbox 446 2042 506 2080; x_wconf 91' lang='lat' dir='ltr'>non</span> <span class='ocrx_word' id='word_1_109' title='bbox 519 2024 607 2081; x_wconf 88' lang='lat' dir='ltr'>erat.”</span> <span class='ocrx_word' id='word_1_110' title='bbox 648 2021 710 2080; x_wconf 92' lang='lat' dir='ltr'>Ubi</span> <span class='ocrx_word' id='word_1_111' title='bbox 730 2033 809 2081; x_wconf 84' lang='lat' dir='ltr'>arete</span> <span class='ocrx_word' id='word_1_112' title='bbox 858 2022 1144 2099; x_wconf 75' lang='lat' dir='ltr'>perbole5maximas</span> <span class='ocrx_word' id='word_1_113' title='bbox 1152 2023 1231 2081; x_wconf 89' lang='lat' dir='ltr'>euim</span> <span class='ocrx_word' id='word_1_114' title='bbox 1241 2042 1311 2100; x_wconf 87' lang='lat' dir='ltr'>opes</span> <span class='ocrx_word' id='word_1_115' title='bbox 1321 2034 1426 2082; x_wconf 87' lang='lat' dir='ltr'>nactus</span> 
     </span>
     <span class='ocr_line' id='line_1_14' title="bbox 242 2115 1424 2198; baseline -0.005 -17"><span class='ocrx_word' id='word_1_116' title='bbox 242 2123 370 2181; x_wconf 77' lang='lat' dir='ltr'>cohaeret</span> <span class='ocrx_word' id='word_1_117' title='bbox 382 2119 538 2179; x_wconf 87' lang='lat' dir='ltr'>relativum</span> <span class='ocrx_word' id='word_1_118' title='bbox 556 2139 720 2198; x_wconf 85' lang='lat' dir='ltr'>pronomen</span> <span class='ocrx_word' id='word_1_119' title='bbox 739 2140 808 2179; x_wconf 91' lang='lat' dir='ltr'>cum</span> <span class='ocrx_word' id='word_1_120' title='bbox 859 2115 915 2173; x_wconf 85' lang='lat' dir='ltr'>sibi</span> <span class='ocrx_word' id='word_1_121' title='bbox 942 2135 1045 2174; x_wconf 89' lang='lat' dir='ltr'>servus</span> <span class='ocrx_word' id='word_1_122' title='bbox 1071 2116 1199 2185; x_wconf 93' lang='lat' dir='ltr'>videtur,</span> <span class='ocrx_word' id='word_1_123' title='bbox 1228 2137 1297 2176; x_wconf 87' lang='lat' dir='ltr'>cum</span> <span class='ocrx_word' id='word_1_124' title='bbox 1327 2117 1424 2175; x_wconf 86' lang='lat' dir='ltr'>aulam</span> 
     </span>
     <span class='ocr_line' id='line_1_15' title="bbox 242 2210 1423 2288; baseline -0.007 -13"><span class='ocrx_word' id='word_1_125' title='bbox 242 2218 360 2276; x_wconf 90' lang='lat' dir='ltr'>nomine</span> <span class='ocrx_word' id='word_1_126' title='bbox 394 2216 594 2275; x_wconf 80' lang='lat' dir='ltr'>antecedente.</span> <span class='ocrx_word' id='word_1_127' title='bbox 642 2215 728 2274; x_wconf 90' lang='lat' dir='ltr'>Idem</span> <span class='ocrx_word' id='word_1_128' title='bbox 763 2226 808 2274; x_wconf 91' lang='lat' dir='ltr'>est</span> <span class='ocrx_word' id='word_1_129' title='bbox 858 2211 921 2269; x_wconf 88' lang='lat' dir='ltr'>auri</span> <span class='ocrx_word' id='word_1_130' title='bbox 932 2210 1050 2288; x_wconf 89' lang='lat' dir='ltr'>plenam</span> <span class='ocrx_word' id='word_1_131' title='bbox 1058 2211 1240 2288; x_wconf 74' lang='lat' dir='ltr'>repetiverit</span> <span class='ocrx_word' id='word_1_132' title='bbox 1264 2211 1347 2270; x_wconf 81' lang='lat' dir='ltr'>Cous.</span> <span class='ocrx_word' id='word_1_133' title='bbox 1363 2211 1423 2270; x_wconf 87' lang='lat' dir='ltr'>Cic.</span> 
     </span>
     <span class='ocr_line' id='line_1_16' title="bbox 242 2304 1424 2392; baseline -0.01 -19"><span class='ocrx_word' id='word_1_134' title='bbox 242 2313 324 2392; x_wconf 88' lang='lat' dir='ltr'>apud</span> <span class='ocrx_word' id='word_1_135' title='bbox 337 2313 422 2389; x_wconf 86' lang='lat' dir='ltr'>Virg.</span> <span class='ocrx_word' id='word_1_136' title='bbox 436 2311 503 2370; x_wconf 87' lang='lat' dir='ltr'>AEn.</span> <span class='ocrx_word' id='word_1_137' title='bbox 525 2312 549 2368; x_wconf 92' lang='lat'>1.</span> <span class='ocrx_word' id='word_1_138' title='bbox 573 2319 638 2378; x_wconf 84' lang='grc'><strong>573.</strong></span> <span class='ocrx_word' id='word_1_139' title='bbox 858 2306 921 2387; x_wconf 79' lang='lat' dir='ltr'>Att.</span> <span class='ocrx_word' id='word_1_140' title='bbox 936 2305 961 2363; x_wconf 89' lang='lat'>1.</span> <span class='ocrx_word' id='word_1_141' title='bbox 975 2323 1018 2362; x_wconf 84' lang='lat' dir='ltr'>rv.</span> <span class='ocrx_word' id='word_1_142' title='bbox 1029 2305 1090 2380; x_wconf 80' lang='lat' dir='ltr'>fin.</span> <span class='ocrx_word' id='word_1_143' title='bbox 1125 2304 1272 2383; x_wconf 88' lang='lat' dir='ltr'>“Supero</span> <span class='ocrx_word' id='word_1_144' title='bbox 1285 2306 1424 2363; x_wconf 86' lang='lat' dir='ltr'>Crassum</span> 
     </span>
     <span class='ocr_line' id='line_1_17' title="bbox 299 2401 995 2499; baseline -0.006 -13"><span class='ocrx_word' id='word_1_145' title='bbox 299 2444 316 2467; x_wconf 85' lang='lat'>“</span> <span class='ocrx_word' id='word_1_146' title='bbox 331 2440 412 2487; x_wconf 82' lang='lat' dir='ltr'>Urbem</span> <span class='ocrx_word' id='word_1_147' title='bbox 422 2455 491 2499; x_wconf 83' lang='lat' dir='ltr'>quom</span> <span class='ocrx_word' id='word_1_148' title='bbox 500 2444 585 2494; x_wconf 78' lang='lat' dir='ltr'>statuo,</span> <span class='ocrx_word' id='word_1_149' title='bbox 596 2444 673 2484; x_wconf 82' lang='lat' dir='ltr'>vestra</span> <span class='ocrx_word' id='word_1_150' title='bbox 681 2436 742 2485; x_wconf 86' lang='lat' dir='ltr'>est.”</span> <span class='ocrx_word' id='word_1_151' title='bbox 857 2401 995 2460; x_wconf 70' lang='lat' dir='ltr'>dlvlfils.”</span> 
     </span>
     <span class='ocr_line' id='line_1_18' title="bbox 894 2510 1422 2591; baseline 0.004 -23"><span class='ocrx_word' id='word_1_152' title='bbox 894 2545 934 2556; x_wconf 88' lang='lat'><em>-</em></span> <span class='ocrx_word' id='word_1_153' title='bbox 967 2510 1045 2569; x_wconf 85' lang='lat' dir='ltr'>Nam</span> <span class='ocrx_word' id='word_1_154' title='bbox 1075 2512 1143 2570; x_wconf 77' lang='lat' dir='ltr'>istos</span> <span class='ocrx_word' id='word_1_155' title='bbox 1170 2532 1252 2589; x_wconf 77' lang='lat' dir='ltr'>reges</span> <span class='ocrx_word' id='word_1_156' title='bbox 1287 2514 1422 2591; x_wconf 73' lang='lat' dir='ltr'>eeteros]</span> 
     </span>
     <span class='ocr_line' id='line_1_19' title="bbox 857 2606 1423 2685; baseline 0.005 -22"><span class='ocrx_word' id='word_1_157' title='bbox 857 2606 944 2675; x_wconf 84' lang='lat' dir='ltr'>Nam,</span> <span class='ocrx_word' id='word_1_158' title='bbox 960 2607 1089 2685; x_wconf 87' lang='lat' dir='ltr'>elliptice</span> <span class='ocrx_word' id='word_1_159' title='bbox 1103 2607 1230 2665; x_wconf 88' lang='lat' dir='ltr'>refertur</span> <span class='ocrx_word' id='word_1_160' title='bbox 1244 2607 1282 2665; x_wconf 94' lang='lat' dir='ltr'>ad</span> <span class='ocrx_word' id='word_1_161' title='bbox 1294 2608 1327 2664; x_wconf 93' lang='lat' dir='ltr'>id</span> <span class='ocrx_word' id='word_1_162' title='bbox 1341 2609 1423 2684; x_wconf 93' lang='lat' dir='ltr'>quod</span> 
     </span>
     <span class='ocr_line' id='line_1_20' title="bbox 857 2703 1423 2781; baseline 0 -21"><span class='ocrx_word' id='word_1_163' title='bbox 857 2704 1000 2781; x_wconf 84' lang='lat' dir='ltr'>sequitur,</span> <span class='ocrx_word' id='word_1_164' title='bbox 1022 2704 1117 2781; x_wconf 84' lang='lat' dir='ltr'>“Ego</span> <span class='ocrx_word' id='word_1_165' title='bbox 1135 2724 1201 2761; x_wconf 89' lang='lat' dir='ltr'>sum</span> <span class='ocrx_word' id='word_1_166' title='bbox 1216 2703 1266 2761; x_wconf 92' lang='lat' dir='ltr'>ille</span> <span class='ocrx_word' id='word_1_167' title='bbox 1281 2723 1334 2761; x_wconf 89' lang='lat' dir='ltr'>rex</span> <span class='ocrx_word' id='word_1_168' title='bbox 1351 2703 1423 2761; x_wconf 89' lang='lat' dir='ltr'>Phi-</span> 
     </span>
     <span class='ocr_line' id='line_1_21' title="bbox 276 2797 1422 2878; baseline -0.002 -17"><span class='ocrx_word' id='word_1_169' title='bbox 276 2840 317 2851; x_wconf 90' lang='lat'>--</span> <span class='ocrx_word' id='word_1_170' title='bbox 349 2804 460 2861; x_wconf 83' lang='lat' dir='ltr'>Aureoa</span> <span class='ocrx_word' id='word_1_171' title='bbox 479 2809 584 2859; x_wconf 81' lang='lat' dir='ltr'>montes</span> <span class='ocrx_word' id='word_1_172' title='bbox 600 2797 722 2876; x_wconf 78' lang='lat' dir='ltr'>colunt]</span> <span class='ocrx_word' id='word_1_173' title='bbox 763 2798 806 2856; x_wconf 95' lang='lat' dir='ltr'>Hi</span> <span class='ocrx_word' id='word_1_174' title='bbox 856 2800 957 2878; x_wconf 88' lang='lat' dir='ltr'>lippus</span> <span class='ocrx_word' id='word_1_175' title='bbox 966 2802 994 2870; x_wconf 87' lang='lat'>;”</span> <span class='ocrx_word' id='word_1_176' title='bbox 1009 2800 1093 2877; x_wconf 81' lang='lat' dir='ltr'>quasi</span> <span class='ocrx_word' id='word_1_177' title='bbox 1106 2800 1194 2869; x_wconf 87' lang='lat' dir='ltr'>dieat,</span> <span class='ocrx_word' id='word_1_178' title='bbox 1217 2808 1237 2833; x_wconf 86' lang='lat'><strong>“</strong></span> <span class='ocrx_word' id='word_1_179' title='bbox 1246 2799 1422 2878; x_wconf 89' lang='lat' dir='ltr'>Philippum</span> 
     </span>
     <span class='ocr_line' id='line_1_22' title="bbox 238 2895 1420 2975; baseline -0.005 -14"><span class='ocrx_word' id='word_1_180' title='bbox 238 2911 322 2962; x_wconf 89' lang='lat' dir='ltr'>erant</span> <span class='ocrx_word' id='word_1_181' title='bbox 347 2899 380 2957; x_wconf 91' lang='lat' dir='ltr'>in</span> <span class='ocrx_word' id='word_1_182' title='bbox 409 2896 531 2975; x_wconf 80' lang='lat' dir='ltr'>Scythia</span> <span class='ocrx_word' id='word_1_183' title='bbox 557 2895 714 2972; x_wconf 85' lang='lat' dir='ltr'>Europaea,</span> <span class='ocrx_word' id='word_1_184' title='bbox 746 2914 806 2970; x_wconf 90' lang='lat' dir='ltr'>qua</span> <span class='ocrx_word' id='word_1_185' title='bbox 857 2906 956 2956; x_wconf 84' lang='lat' dir='ltr'>autem</span> <span class='ocrx_word' id='word_1_186' title='bbox 972 2917 1114 2966; x_wconf 90' lang='lat' dir='ltr'>memoro,</span> <span class='ocrx_word' id='word_1_187' title='bbox 1135 2916 1201 2954; x_wconf 85' lang='lat' dir='ltr'>nam</span> <span class='ocrx_word' id='word_1_188' title='bbox 1223 2897 1312 2955; x_wconf 85' lang='lat' dir='ltr'>ceteri</span> <span class='ocrx_word' id='word_1_189' title='bbox 1334 2908 1420 2974; x_wconf 89' lang='lat' dir='ltr'>quot-</span> 
     </span>
     <span class='ocr_line' id='line_1_23' title="bbox 237 2989 1421 3077; baseline -0.007 -20"><span class='ocrx_word' id='word_1_190' title='bbox 237 3007 322 3077; x_wconf 86' lang='lat' dir='ltr'>parte</span> <span class='ocrx_word' id='word_1_191' title='bbox 349 2993 458 3072; x_wconf 82' lang='lat' dir='ltr'>Ripaeis</span> <span class='ocrx_word' id='word_1_192' title='bbox 485 2991 557 3069; x_wconf 87' lang='lat' dir='ltr'>[seu</span> <span class='ocrx_word' id='word_1_193' title='bbox 579 2989 803 3069; x_wconf 88' lang='lat' dir='ltr'>Hyperboreis]</span> <span class='ocrx_word' id='word_1_194' title='bbox 855 3002 928 3069; x_wconf 93' lang='lat' dir='ltr'>quot</span> <span class='ocrx_word' id='word_1_195' title='bbox 945 3002 1014 3049; x_wconf 90' lang='lat' dir='ltr'>sunt</span> <span class='ocrx_word' id='word_1_196' title='bbox 1035 3011 1160 3070; x_wconf 86' lang='lat' dir='ltr'>usquam</span> <span class='ocrx_word' id='word_1_197' title='bbox 1181 2990 1316 3067; x_wconf 87' lang='lat' dir='ltr'>gentium</span> <span class='ocrx_word' id='word_1_198' title='bbox 1335 3010 1421 3067; x_wconf 85' lang='lat' dir='ltr'>reges</span> 
     </span>
     <span class='ocr_line' id='line_1_24' title="bbox 236 3084 1419 3167; baseline -0.005 -16"><span class='ocrx_word' id='word_1_199' title='bbox 236 3092 388 3151; x_wconf 90' lang='lat' dir='ltr'>montibus</span> <span class='ocrx_word' id='word_1_200' title='bbox 421 3097 466 3147; x_wconf 88' lang='lat' dir='ltr'>est</span> <span class='ocrx_word' id='word_1_201' title='bbox 491 3086 626 3164; x_wconf 85' lang='lat' dir='ltr'>proxima</span> <span class='ocrx_word' id='word_1_202' title='bbox 633 3108 642 3155; x_wconf 90' lang='lat'>;</span> <span class='ocrx_word' id='word_1_203' title='bbox 681 3084 718 3142; x_wconf 89' lang='lat' dir='ltr'>de</span> <span class='ocrx_word' id='word_1_204' title='bbox 745 3105 805 3161; x_wconf 92' lang='lat' dir='ltr'>qua</span> <span class='ocrx_word' id='word_1_205' title='bbox 853 3109 916 3167; x_wconf 81' lang='lat' dir='ltr'>prae</span> <span class='ocrx_word' id='word_1_206' title='bbox 929 3090 1002 3147; x_wconf 89' lang='lat' dir='ltr'>meis</span> <span class='ocrx_word' id='word_1_207' title='bbox 1011 3088 1123 3147; x_wconf 87' lang='lat' dir='ltr'>divitiis</span> <span class='ocrx_word' id='word_1_208' title='bbox 1135 3108 1281 3166; x_wconf 86' lang='lat' dir='ltr'>pauperes</span> <span class='ocrx_word' id='word_1_209' title='bbox 1295 3098 1325 3145; x_wconf 91' lang='lat' dir='ltr'>et</span> <span class='ocrx_word' id='word_1_210' title='bbox 1337 3108 1419 3147; x_wconf 90' lang='lat' dir='ltr'>men-</span> 
     </span>
     <span class='ocr_line' id='line_1_25' title="bbox 236 3183 1028 3266; baseline -0.008 -19"><span class='ocrx_word' id='word_1_211' title='bbox 236 3186 420 3266; x_wconf 88' lang='lat' dir='ltr'>Pompouius</span> <span class='ocrx_word' id='word_1_212' title='bbox 442 3184 525 3242; x_wconf 85' lang='lat' dir='ltr'>Mela</span> <span class='ocrx_word' id='word_1_213' title='bbox 540 3183 608 3241; x_wconf 87' lang='lat' dir='ltr'>Lib.</span> <span class='ocrx_word' id='word_1_214' title='bbox 631 3183 672 3240; x_wconf 90' lang='lat'>11.</span> <span class='ocrx_word' id='word_1_215' title='bbox 700 3202 763 3259; x_wconf 82' lang='lat' dir='ltr'>cap.</span> <span class='ocrx_word' id='word_1_216' title='bbox 782 3201 803 3239; x_wconf 92' lang='lat'>1.</span> <span class='ocrx_word' id='word_1_217' title='bbox 854 3184 913 3244; x_wconf 86' lang='lat' dir='ltr'>dici</span> <span class='ocrx_word' id='word_1_218' title='bbox 934 3187 1028 3243; x_wconf 87' lang='lat' dir='ltr'>sunt.&#39;’</span> 
     </span>
     <span class='ocr_line' id='line_1_26' title="bbox 237 3276 1419 3371; baseline -0.01 -29"><span class='ocrx_word' id='word_1_219' title='bbox 237 3282 361 3360; x_wconf 86' lang='lat' dir='ltr'>“Regio</span> <span class='ocrx_word' id='word_1_220' title='bbox 384 3289 429 3339; x_wconf 89' lang='lat' dir='ltr'>est</span> <span class='ocrx_word' id='word_1_221' title='bbox 454 3278 524 3336; x_wconf 84' lang='lat' dir='ltr'>ditis</span> <span class='ocrx_word' id='word_1_222' title='bbox 550 3276 711 3335; x_wconf 83' lang='lat' dir='ltr'>admodum</span> <span class='ocrx_word' id='word_1_223' title='bbox 738 3276 802 3345; x_wconf 89' lang='lat' dir='ltr'>soli,</span> <span class='ocrx_word' id='word_1_224' title='bbox 893 3292 957 3358; x_wconf 51' lang='lat'>657,</span> <span class='ocrx_word' id='word_1_225' title='bbox 1002 3291 1157 3351; x_wconf 63' lang='lat' dir='ltr'><strong><em>Hominum</em></strong></span> <span class='ocrx_word' id='word_1_226' title='bbox 1193 3289 1372 3349; x_wconf 54' lang='lat' dir='ltr'><em>mendicabat</em></span> <span class='ocrx_word' id='word_1_227' title='bbox 1391 3294 1419 3371; x_wconf 86' lang='lat'>]</span> 
     </span>
     <span class='ocr_line' id='line_1_27' title="bbox 235 3370 1418 3488; baseline -0.014 -51"><span class='ocrx_word' id='word_1_228' title='bbox 235 3375 435 3437; x_wconf 88' lang='lat' dir='ltr'>inhabitabilis</span> <span class='ocrx_word' id='word_1_229' title='bbox 458 3384 566 3441; x_wconf 88' lang='lat' dir='ltr'>tamen,</span> <span class='ocrx_word' id='word_1_230' title='bbox 589 3372 659 3450; x_wconf 90' lang='lat' dir='ltr'>quia</span> <span class='ocrx_word' id='word_1_231' title='bbox 679 3370 799 3449; x_wconf 83' lang='lat' dir='ltr'>gryphi,</span> <span class='ocrx_word' id='word_1_232' title='bbox 843 3376 1170 3488; x_wconf 54' lang='lat' dir='ltr'>psseggfflpflwsg</span> <span class='ocrx_word' id='word_1_233' title='bbox 1205 3385 1265 3444; x_wconf 81' lang='lat' dir='ltr'>pro</span> <span class='ocrx_word' id='word_1_234' title='bbox 1284 3386 1418 3461; x_wconf 64' lang='lat' dir='ltr'><strong>homines</strong></span> 
     </span>
     <span class='ocr_line' id='line_1_28' title="bbox 236 3470 1416 3551; baseline -0.009 -1"><span class='ocrx_word' id='word_1_235' title='bbox 236 3495 348 3535; x_wconf 60' lang='lat' dir='ltr'>mum</span> <span class='ocrx_word' id='word_1_236' title='bbox 362 3483 392 3531; x_wconf 69' lang='grc' dir='ltr'>θῑ</span> <span class='ocrx_word' id='word_1_237' title='bbox 404 3470 539 3549; x_wconf 66' lang='lat' dir='ltr'>1³⁶¹th</span> <span class='ocrx_word' id='word_1_238' title='bbox 551 3470 682 3528; x_wconf 67' lang='lat' dir='ltr'>semum</span> <span class='ocrx_word' id='word_1_239' title='bbox 694 3488 800 3544; x_wconf 60' lang='lat' dir='ltr'>gemma</span> <span class='ocrx_word' id='word_1_240' title='bbox 850 3482 1061 3551; x_wconf 87' lang='lat' dir='ltr'>mendicantes,</span> <span class='ocrx_word' id='word_1_241' title='bbox 1077 3481 1234 3540; x_wconf 90' lang='lat' dir='ltr'>mendicos.</span> <span class='ocrx_word' id='word_1_242' title='bbox 1259 3480 1339 3539; x_wconf 87' lang='lat' dir='ltr'>Citat</span> <span class='ocrx_word' id='word_1_243' title='bbox 1352 3481 1416 3539; x_wconf 90' lang='lat' dir='ltr'>No·</span> 
     </span>
     <span class='ocr_line' id='line_1_29' title="bbox 235 3564 1181 3646; baseline -0.012 -15"><span class='ocrx_word' id='word_1_244' title='bbox 235 3592 342 3635; x_wconf 84' lang='lat' dir='ltr'>aurum</span> <span class='ocrx_word' id='word_1_245' title='bbox 354 3580 441 3629; x_wconf 83' lang='lat' dir='ltr'>terrae</span> <span class='ocrx_word' id='word_1_246' title='bbox 453 3566 716 3646; x_wconf 83' lang='lat' dir='ltr'>penitusegestum</span> <span class='ocrx_word' id='word_1_247' title='bbox 726 3564 800 3622; x_wconf 91' lang='lat' dir='ltr'>mire</span> <span class='ocrx_word' id='word_1_248' title='bbox 850 3576 918 3633; x_wconf 68' lang='lat' dir='ltr'>nius</span> <span class='ocrx_word' id='word_1_249' title='bbox 931 3576 962 3634; x_wconf 75' lang='lat' dir='ltr'>jn</span> <span class='ocrx_word' id='word_1_250' title='bbox 976 3596 1039 3635; x_wconf 60' lang='lat' dir='ltr'>voc,</span> <span class='ocrx_word' id='word_1_251' title='bbox 1080 3576 1181 3633; x_wconf 50' lang='grc' dir='ltr'>[ΑΜΕ</span> 
     </span>
     <span class='ocr_line' id='line_1_30' title="bbox 179 3659 1416 3766; baseline -0.011 -38"><span class='ocrx_word' id='word_1_252' title='bbox 179 3733 181 3736; x_wconf 50' lang='grc'><strong>,</strong></span> <span class='ocrx_word' id='word_1_253' title='bbox 234 3659 803 3739; x_wconf 84' lang='lat' dir='ltr'>amant,mirequecustodiunt,etsunt</span> <span class='ocrx_word' id='word_1_254' title='bbox 890 3687 956 3747; x_wconf 64' lang='grc' dir='ltr'>658ο</span> <span class='ocrx_word' id='word_1_255' title='bbox 996 3687 1061 3766; x_wconf 66' lang='lat' dir='ltr'>Ego</span> <span class='ocrx_word' id='word_1_256' title='bbox 1080 3708 1141 3745; x_wconf 60' lang='lat' dir='ltr'>mm</span> <span class='ocrx_word' id='word_1_257' title='bbox 1160 3686 1209 3744; x_wconf 54' lang='lat' dir='ltr'>pp,</span> <span class='ocrx_word' id='word_1_258' title='bbox 1232 3707 1283 3744; x_wconf 57' lang='lat' dir='ltr'>rex</span> <span class='ocrx_word' id='word_1_259' title='bbox 1302 3686 1416 3766; x_wconf 49' lang='lat' dir='ltr'>Philip·</span> 
     </span>
    </p>
   </div>
   <div class='ocr_carea' id='block_1_8' title="bbox 233 3753 1416 3948">
    <p class='ocr_par' dir='ltr' id='par_1_8' title="bbox 233 3753 1416 3948">
     <span class='ocr_line' id='line_1_31' title="bbox 233 3753 1416 3862; baseline -0.022 -40"><span class='ocrx_word' id='word_1_260' title='bbox 233 3762 333 3821; x_wconf 87' lang='lat' dir='ltr'>infesti</span> <span class='ocrx_word' id='word_1_261' title='bbox 347 3756 587 3834; x_wconf 84' lang='lat' dir='ltr'>attingentibus.”</span> <span class='ocrx_word' id='word_1_262' title='bbox 607 3753 710 3811; x_wconf 76' lang='lat' dir='ltr'>Laura.</span> <span class='ocrx_word' id='word_1_263' title='bbox 748 3753 801 3810; x_wconf 90' lang='lat' dir='ltr'>Vi·</span> <span class='ocrx_word' id='word_1_264' title='bbox 848 3785 933 3862; x_wconf 52' lang='lat' dir='ltr'>pm]</span> <span class='ocrx_word' id='word_1_265' title='bbox 972 3783 1049 3840; x_wconf 63' lang='lat' dir='ltr'><strong>Vide</strong></span> <span class='ocrx_word' id='word_1_266' title='bbox 1064 3783 1160 3859; x_wconf 60' lang='lat' dir='ltr'>Supra</span> <span class='ocrx_word' id='word_1_267' title='bbox 1173 3802 1201 3835; x_wconf 43' lang='lat' dir='ltr'>v·</span> <span class='ocrx_word' id='word_1_268' title='bbox 1216 3788 1262 3847; x_wconf 43' lang='lat'>47·</span> <span class='ocrx_word' id='word_1_269' title='bbox 1304 3780 1335 3838; x_wconf 69' lang='lat' dir='ltr'>Is</span> <span class='ocrx_word' id='word_1_270' title='bbox 1351 3782 1416 3839; x_wconf 63' lang='lat' dir='ltr'><strong>auri</strong></span> 
     </span>
     <span class='ocr_line' id='line_1_32' title="bbox 233 3847 1416 3948; baseline -0.014 4"><span class='ocrx_word' id='word_1_271' title='bbox 233 3858 312 3917; x_wconf 64' lang='lat' dir='ltr'>d⁰⁸i⁸</span> <span class='ocrx_word' id='word_1_272' title='bbox 330 3857 504 3914; x_wconf 67' lang='lat' dir='ltr'><strong>c⁰mmem²</strong></span> <span class='ocrx_word' id='word_1_273' title='bbox 526 3850 564 3909; x_wconf 63' lang='lat' dir='ltr'>ad</span> <span class='ocrx_word' id='word_1_274' title='bbox 587 3847 686 3906; x_wconf 72' lang='lat' dir='ltr'>AE⁸⁰h’</span> <span class='ocrx_word' id='word_1_275' title='bbox 705 3848 801 3905; x_wconf 67' lang='lat' dir='ltr'><strong>Pmm&#39;</strong></span> <span class='ocrx_word' id='word_1_276' title='bbox 851 3881 966 3939; x_wconf 86' lang='lat' dir='ltr'>fodinas</span> <span class='ocrx_word' id='word_1_277' title='bbox 979 3889 1092 3948; x_wconf 89' lang='lat' dir='ltr'>nactus,</span> <span class='ocrx_word' id='word_1_278' title='bbox 1106 3878 1241 3936; x_wconf 85' lang='lat' dir='ltr'>maximis</span> <span class='ocrx_word' id='word_1_279' title='bbox 1262 3878 1416 3936; x_wconf 89' lang='lat' dir='ltr'>abundans</span> 
     </span>
    </p>
   </div>
   <div class='ocr_carea' id='block_1_9' title="bbox 226 2560 808 2726">
    <p class='ocr_par' dir='ltr' id='par_1_9' title="bbox 226 2560 808 2726">
     <span class='ocr_line' id='line_1_33' title="bbox 226 2560 808 2651; baseline -0.012 -25"><span class='ocrx_word' id='word_1_280' title='bbox 226 2569 389 2651; x_wconf 22' lang='lat' dir='ltr'>&#39;Ceterum</span> <span class='ocrx_word' id='word_1_281' title='bbox 403 2563 484 2639; x_wconf 94' lang='lat' dir='ltr'>quod</span> <span class='ocrx_word' id='word_1_282' title='bbox 497 2561 534 2619; x_wconf 87' lang='lat' dir='ltr'>ad</span> <span class='ocrx_word' id='word_1_283' title='bbox 549 2560 639 2619; x_wconf 80' lang='lat' dir='ltr'>Picus</span> <span class='ocrx_word' id='word_1_284' title='bbox 655 2581 707 2619; x_wconf 90' lang='lat' dir='ltr'>seu</span> <span class='ocrx_word' id='word_1_285' title='bbox 721 2561 808 2619; x_wconf 81' lang='lat' dir='ltr'>Picos</span> 
     </span>
     <span class='ocr_line' id='line_1_34' title="bbox 239 2652 600 2726; baseline -0.025 -9"><span class='ocrx_word' id='word_1_286' title='bbox 239 2659 354 2726; x_wconf 83' lang='lat' dir='ltr'>attinet,</span> <span class='ocrx_word' id='word_1_287' title='bbox 376 2654 445 2713; x_wconf 90' lang='lat' dir='ltr'>vide</span> <span class='ocrx_word' id='word_1_288' title='bbox 458 2654 491 2710; x_wconf 92' lang='lat' dir='ltr'>in</span> <span class='ocrx_word' id='word_1_289' title='bbox 504 2652 600 2710; x_wconf 84' lang='lat' dir='ltr'>Gloss.</span> 
     </span>
    </p>
   </div>
   <div class='ocr_carea' id='block_1_10' title="bbox 235 3953 1415 4246">
    <p class='ocr_par' dir='ltr' id='par_1_10' title="bbox 235 3953 1415 4246">
     <span class='ocr_line' id='line_1_35' title="bbox 235 3953 1415 4051; baseline 0.007 -29"><span class='ocrx_word' id='word_1_290' title='bbox 235 3953 335 4011; x_wconf 61' lang='lat' dir='ltr'>vinei·</span> <span class='ocrx_word' id='word_1_291' title='bbox 349 3958 415 4011; x_wconf 68' lang='lat'>⁸22·</span> <span class='ocrx_word' id='word_1_292' title='bbox 851 3976 972 4045; x_wconf 85' lang='lat' dir='ltr'>divitiis,</span> <span class='ocrx_word' id='word_1_293' title='bbox 997 3995 1069 4033; x_wconf 88' lang='lat' dir='ltr'>auro</span> <span class='ocrx_word' id='word_1_294' title='bbox 1092 3973 1300 4051; x_wconf 83' lang='lat' dir='ltr'>potiusquam</span> <span class='ocrx_word' id='word_1_295' title='bbox 1327 3973 1415 4030; x_wconf 88' lang='lat' dir='ltr'>armis</span> 
     </span>
     <span class='ocr_line' id='line_1_36' title="bbox 420 4052 1415 4149; baseline -0.001 -23"><span class='ocrx_word' id='word_1_296' title='bbox 420 4061 436 4081; x_wconf 89' lang='lat'>“</span> <span class='ocrx_word' id='word_1_297' title='bbox 449 4056 479 4103; x_wconf 63' lang='lat'>⁰²</span> <span class='ocrx_word' id='word_1_298' title='bbox 494 4052 665 4115; x_wconf 58' lang='lat' dir='ltr'>ppveoppvwv</span> <span class='ocrx_word' id='word_1_299' title='bbox 849 4072 960 4131; x_wconf 88' lang='lat' dir='ltr'>bellurn</span> <span class='ocrx_word' id='word_1_300' title='bbox 978 4091 1082 4149; x_wconf 88' lang='lat' dir='ltr'>gerere</span> <span class='ocrx_word' id='word_1_301' title='bbox 1096 4069 1216 4129; x_wconf 89' lang='lat' dir='ltr'>solebat.</span> <span class='ocrx_word' id='word_1_302' title='bbox 1257 4068 1415 4127; x_wconf 77' lang='lat' dir='ltr'>Innuurn.</span> 
     </span>
     <span class='ocr_line' id='line_1_37' title="bbox 321 4145 1414 4246; baseline 0.012 -40"><span class='ocrx_word' id='word_1_303' title='bbox 321 4154 435 4199; x_wconf 69' lang='grc' dir='ltr'>Οἰκοῦσιν</span> <span class='ocrx_word' id='word_1_304' title='bbox 448 4150 515 4210; x_wconf 66' lang='grc' dir='ltr'>ἀμφὶ</span> <span class='ocrx_word' id='word_1_305' title='bbox 531 4145 619 4206; x_wconf 46' lang='lat' dir='ltr'>”fimf</span> <span class='ocrx_word' id='word_1_306' title='bbox 849 4167 938 4225; x_wconf 71' lang='lat' dir='ltr'>Im.</span> <span class='ocrx_word' id='word_1_307' title='bbox 953 4168 1005 4246; x_wconf 88' lang='lat' dir='ltr'>qui</span> <span class='ocrx_word' id='word_1_308' title='bbox 1013 4166 1102 4225; x_wconf 90' lang='lat' dir='ltr'>etiam</span> <span class='ocrx_word' id='word_1_309' title='bbox 1111 4165 1182 4224; x_wconf 89' lang='lat' dir='ltr'>citat</span> <span class='ocrx_word' id='word_1_310' title='bbox 1189 4183 1225 4222; x_wconf 86' lang='lat' dir='ltr'>ex</span> <span class='ocrx_word' id='word_1_311' title='bbox 1236 4162 1358 4220; x_wconf 88' lang='lat' dir='ltr'>Diodor.</span> <span class='ocrx_word' id='word_1_312' title='bbox 1369 4162 1414 4221; x_wconf 90' lang='lat' dir='ltr'>Si-</span> 
     </span>
    </p>
   </div>
   <div class='ocr_carea' id='block_1_11' title="bbox 232 4259 1412 4344">
    <p class='ocr_par' dir='ltr' id='par_1_11' title="bbox 232 4259 1412 4344">
     <span class='ocr_line' id='line_1_38' title="bbox 232 4259 1412 4344; baseline -0.026 0"><span class='ocrx_word' id='word_1_313' title='bbox 232 4283 293 4344; x_wconf 94' lang='lat' dir='ltr'>Ubi</span> <span class='ocrx_word' id='word_1_314' title='bbox 307 4280 420 4339; x_wconf 85' lang='lat' dir='ltr'>confert</span> <span class='ocrx_word' id='word_1_315' title='bbox 434 4278 619 4342; x_wconf 82' lang='lat' dir='ltr'>Burnnnus,</span> <span class='ocrx_word' id='word_1_316' title='bbox 640 4271 716 4329; x_wconf 90' lang='lat' dir='ltr'>Milt.</span> <span class='ocrx_word' id='word_1_317' title='bbox 731 4269 797 4330; x_wconf 87' lang='lat' dir='ltr'>Par.</span> <span class='ocrx_word' id='word_1_318' title='bbox 850 4263 906 4321; x_wconf 91' lang='lat' dir='ltr'>cul.</span> <span class='ocrx_word' id='word_1_319' title='bbox 919 4263 986 4321; x_wconf 89' lang='lat' dir='ltr'>Lib.</span> <span class='ocrx_word' id='word_1_320' title='bbox 999 4263 1099 4330; x_wconf 89' lang='lat' dir='ltr'>XVI.;</span> <span class='ocrx_word' id='word_1_321' title='bbox 1121 4262 1137 4283; x_wconf 89' lang='lat'>&#39;&#39;</span> <span class='ocrx_word' id='word_1_322' title='bbox 1148 4259 1329 4337; x_wconf 91' lang='lat' dir='ltr'>Philippum,</span> <span class='ocrx_word' id='word_1_323' title='bbox 1345 4276 1412 4315; x_wconf 91' lang='lat' dir='ltr'>curn</span> 
     </span>
    </p>
   </div>
   <div class='ocr_carea' id='block_1_12' title="bbox 232 4351 1414 4443">
    <p class='ocr_par' dir='ltr' id='par_1_12' title="bbox 232 4351 1414 4443">
     <span class='ocr_line' id='line_1_39' title="bbox 232 4351 1414 4443; baseline -0.025 -5"><span class='ocrx_word' id='word_1_324' title='bbox 232 4378 340 4443; x_wconf 80' lang='lat' dir='ltr'>Amiss.</span> <span class='ocrx_word' id='word_1_325' title='bbox 849 4360 952 4417; x_wconf 88' lang='lat' dir='ltr'>urbem</span> <span class='ocrx_word' id='word_1_326' title='bbox 968 4358 1113 4434; x_wconf 85' lang='lat' dir='ltr'>quandam</span> <span class='ocrx_word' id='word_1_327' title='bbox 1132 4354 1251 4432; x_wconf 82' lang='lat' dir='ltr'>egregie</span> <span class='ocrx_word' id='word_1_328' title='bbox 1269 4351 1414 4409; x_wconf 87' lang='lat' dir='ltr'>munitam</span> 
     </span>
    </p>
   </div>
   <div class='ocr_carea' id='block_1_13' title="bbox 0 0 1630 5217">
    <p class='ocr_par' dir='ltr' id='par_1_13' title="bbox 0 0 1630 5217">
     <span class='ocr_line' id='line_1_40' title="bbox 0 0 1630 5217; baseline 0 6"><span class='ocrx_word' id='word_1_329' title='bbox 0 0 1630 5217; x_wconf 95' lang='lat' dir='ltr'> </span> 
     </span>
    </p>
   </div>
  </div>
 </body>
</html>
