3250 5217
284 562 351 629 126
695 563 1008 629 GLOSSARIUM

277 766 379 827 retum,
402 778 498 837 genus
519 760 578 819 cibi
596 759 750 831 intritum3
772 760 821 819 vel
843 759 986 837 quodibi
1007 758 1121 819 semina
1136 758 1199 837 jum
1219 758 1251 819 in
1265 746 1426 834 ¹pulverem

276 871 438 931 reduceret
452 871 572 931 Mortua
585 873 771 933 condiantur.
812 872 934 949 (Isidor.
949 871 1035 950 Orig.
1050 870 1117 930 Lib.
1131 870 1185 928 IV.
1200 888 1225 931 c.
1239 871 1301 948 ιι.)
1340 868 1426 929 Neu·

275 995 360 1045 trum
372 985 479 1063 placet.

325 1167 372 1225 57.
419 1150 570 1225 Utenda
595 1146 752 1250 rogant]
805 1157 875 1221 Aolc
900 1158 953 1220 tlzo
976 1160 1052 1220 wan
1077 1158 1122 1241 os.
1163 1162 1246 1221 Infra
1272 1134 1426 1221 260351.

277 1281 356 1341 Men.
378 1289 444 1351 559.
465 1280 504 1338 G.
544 1281 643 1339 “Non
662 1280 846 1355 condonavi3
874 1280 927 1340 sed
947 1279 988 1339 sic
1009 1280 1141 1339 utendum
1156 1278 1247 1339 dedi?
1281 1278 1345 1337 Mil.
1360 1284 1425 1339 350.

278 1395 373 1472 “Ego
393 1414 475 1453 meos
496 1393 598 1453 oculos
618 1393 724 1463 habeo,
750 1412 807 1452 nec
828 1413 898 1472 rogo
918 1391 1036 1451 utendos
1055 1390 1155 1451 foris.”
1195 1390 1297 1470 (Have
1318 1400 1372 1449 not
1394 1400 1427 1448 to

274 1528 315 1586 go
332 1507 444 1567 obrocd
463 1517 495 1566 to
516 1508 634 1565 borrow
654 1506 777 1585 others.)

324 1717 375 1728 -
402 1667 576 1771 Semper]
633 1678 701 1741 For
717 1701 800 1744 ever.
844 1684 938 1744 Sensu
952 1683 1049 1743 Graec.
1069 1682 1120 1742 αἐί.
1144 1664 1206 1741 Cic.
1220 1683 1307 1743 Verr.
1320 1682 1360 1741 V.
1381 1690 1426 1741 12.

275 1802 418 1860 “Omnes
449 1800 557 1860 Siciliae
582 1820 693 1880 semper
721 1801 894 1860 Praetores.”
934 1802 1018 1861 Nost.
1043 1801 1114 1860 Cist.
1140 1809 1184 1860 11.
1219 1800 1365 1878 “Semper
1391 1809 1426 1858 ut

275 1912 526 1971 meminerimus.”
567 1912 673 1990 (From
694 1912 766 1972 time
790 1923 822 1971 to
842 1912 939 1991 time.)

328 2088 375 2148 60.
428 2076 618 2171 Prodico]
672 2086 862 2149 Forocorn.
925 2093 1044 2153 Penult.
1073 2093 1171 2170 longa.
1200 2104 1234 2151 ut
1265 2092 1303 2151 sit
1329 2091 1425 2151 tertiae

275 2208 501 2288 conjugationis.

328 2382 376 2442 64.
428 2373 601 2460 Occlude,
627 2371 706 2465 sis]
760 2382 877 2446 Ploose
900 2389 932 2446 to
954 2385 1042 2446 shut.
1089 2390 1189 2469 Supra
1209 2398 1235 2457 7.

287 2651 289 2656 Ι
329 2567 377 2627 65.
419 2557 606 2659 pessulis]
642 2572 747 2633 Graece
759 2572 879 2653 μοχλός.
920 2574 989 2634 Ter.
1011 2576 1088 2634 Eun.
1104 2575 1162 2636 ΙΙΙ.
1178 2597 1204 2635 v.
1221 2583 1267 2637 55.
1288 2575 1423 2633 “Persu-

275 2688 333 2747 lum
353 2689 429 2748 ostio
446 2688 553 2748 obdo.'’
593 2688 676 2749 Hinc
695 2688 904 2769 oppessulatas,
918 2691 1045 2770 pessulis
1059 2692 1187 2753 obditus.
1226 2694 1297 2753 Vox
1310 2693 1423 2771 optime

275 2800 403 2859 derivari
425 2799 555 2870 videtur,
589 2800 675 2878 (non,
697 2810 732 2859 ut
759 2800 881 2878 quidum
907 2801 992 2861 aiunt
1012 2824 1030 2861 a
1058 2803 1232 2883 coloratae)
1259 2803 1312 2864 sed
1331 2824 1349 2862 u
1370 2823 1423 2883 pe·

274 2909 368 2979 dibus,
391 2909 445 2988 [ut
463 2929 576 2988 pessum
597 2909 693 2979 datur,
713 2907 766 2968 sub
783 2908 906 2989 pedibus
923 2911 1019 2981 dotus,
1041 2910 1110 2971 Vid.
1131 2912 1214 2972 Infra
1234 2913 1317 2992 552]
1338 2910 1424 2990 quasi

270 3022 359 3102 pedes
382 3024 450 3093 sint,
482 3023 593 3100 quibus
612 3023 692 3082 fores
720 3023 875 3081 firmentur
896 3033 927 3082 et
946 3024 1143 3095 stabiliantur,
1172 3023 1265 3083 veluti
1294 3022 1424 3102 pedibus

274 3135 423 3195 stabilitur
455 3156 571 3215 corpus
622 3135 669 3194 ltu
692 3134 796 3193 Bnrx:
817 3134 850 3192 in
869 3134 932 3193 h.l
982 3136 1130 3195 Caeterum
1151 3156 1188 3194 ex
1214 3136 1314 3194 Nostr.
1335 3135 1423 3195 Cure.

276 3216 446 3314 ico-1543
470 3254 604 3321 apparet,
617 3243 751 3323 pessulos
773 3240 855 3321 offro
871 3244 903 3301 in
922 3242 1014 3303 limen
1036 3241 1223 3313 descendere,
1241 3243 1330 3314 unde,
1352 3263 1423 3303 cunr

274 3357 353 3414 fores
380 3354 598 3433 aperiebantur,
628 3374 740 3413 sursum
765 3354 961 3414 tollebantur:
995 3354 1097 3415 Verba
1112 3364 1181 3414 sunt
1200 3354 1347 3425 Amantio,
1374 3374 1422 3413 os·

273 3470 350 3529 tium
377 3467 479 3527 amicae
510 3467 673 3539 salutantis,
698 3477 717 3504 “
728 3467 855 3540 Proculi,
879 3470 962 3543 heus,
987 3469 1220 3549 perculi...l?ite
1244 3490 1332 3529 causa
1356 3490 1424 3529 mea

272 3582 347 3644 ludii
367 3580 489 3641 barbari
496 3604 510 3648 ;
541 3582 679 3653 subsilite,
703 3586 836 3655 obsecro,
857 3595 887 3643 et
905 3584 1015 3645 mittite
1035 3586 1128 3643 istanc
1148 3584 1253 3643 foras.'’
1294 3583 1423 3663 (Spring

274 3717 337 3775 up3
358 3695 424 3774 leap
444 3705 498 3753 out
516 3695 553 3753 of
567 3715 645 3773 your
664 3694 805 3776 sockets.)

327 3871 376 3932 66.
427 3862 634 3937 Discrucior
657 3859 797 3953 animi]
849 3877 978 3937 Vetusto
1001 3876 1127 3941 locutio.
1167 3873 1218 3934 Sic
1245 3873 1333 3953 Epio
1354 3880 1421 3934 382.

274 4007 461 4083 “Coeperom
480 4023 529 4065 me
548 4002 716 4063 excussiore
731 4002 847 4062 απὶηιί.υ
887 4002 930 4061 Et
944 4008 1010 4063 320.
1051 3999 1142 4073 “Qui
1156 4010 1186 4059 te
1200 3996 1422 4079 ongoraoimi.''

274 4119 316 4178 Et
338 4126 402 4179 133.
443 4127 463 4154 “
473 4118 668 4198 Desipiebam
689 4117 815 4177 mentis.’'
856 4115 937 4175 Hinc
959 4134 1027 4174 cum
1044 4114 1200 4193 adjectivis
1215 4122 1338 4172 ortacst
1351 4131 1421 4171 oon·

274 4234 406 4302 sanctio,
427 4234 493 4294 AEn.
515 4232 569 4293 IV.
590 4241 657 4294 203.
698 4232 840 4291 “Amens
860 4227 977 4289 αηὶηιὶ.υ
996 4238 1026 4289 et
1046 4236 1111 4299 529.
1153 4224 1292 4289 “Infelix
1305 4225 1421 4287 animi.''

273 4356 305 4409 et
324 4347 420 4413 simill.
