3250 5217
615 640 824 694 aecensus
850 638 1050 693 comeum,
1294 608 1300 619 ⁸
1349 613 1415 689 xiii

352 839 478 897 quarum
500 822 678 898 paucissima
697 822 767 881 alibi
789 820 969 899 exemplaria
985 818 1074 877 hodie
1091 817 1223 895 reperire
1240 809 1292 874 est
1332 816 1415 875 Inter

350 913 404 973 hae
429 916 613 974 numeranda
642 927 687 975 est
711 916 907 976 Menaechmei
926 913 1037 979 fabula,
1064 913 1150 991 cujus
1170 932 1239 971 cum
1258 930 1366 969 novam
1386 920 1416 969 et

351 1010 513 1070 auctiorem
536 1011 697 1072 editionem
719 1010 751 1070 in
777 1032 813 1071 eo
836 1031 939 1069 sumus
963 1021 999 1068 ut
1020 1010 1101 1087 typis
1123 1007 1308 1076 mandemus,
1332 1027 1415 1066 occa-

351 1106 463 1164 sionem
482 1118 680 1184 opportunam
699 1108 764 1185 ejus
782 1106 902 1165 Codicis
922 1116 952 1164 et
971 1103 1175 1165 tractationem
1195 1114 1226 1161 et
1242 1102 1415 1181 descriptio·-

350 1219 420 1259 nem
439 1200 568 1259 faciendi
586 1202 771 1260 habebimus.
815 1223 818 1228 Δ

407 1390 477 1457 ΙΙΙ.Ι
519 1394 647 1459 Comcns
670 1394 754 1474 XII,
781 1418 834 1465 cul
862 1420 895 1459 ns
921 1395 1368 1460 Bmmorrmoaassravaurun

722 1496 827 1560 Musur
851 1495 1047 1559 Barrannrm.

411 1640 513 1702 Codex
534 1644 765 1704 Arundelianus.
790 1654 850 1705 4to.
870 1645 1015 1703 Chartac:
1035 1643 1139 1702 folior:
1163 1653 1228 1704 142.
1263 1643 1335 1702 Saec.
1349 1641 1418 1700 XV.

411 1754 523 1803 Continet
539 1756 673 1805 Comoedias
688 1766 780 1819 septem
794 1757 895 1818 priores,
911 1765 935 1805 et
949 1756 1111 1817 fragmentum
1126 1766 1232 1813 octavae3
1250 1755 1340 1803 notulis
1356 1768 1419 1801 mar-

352 1830 476 1891 ginalibus
496 1839 520 1879 et
539 1832 731 1881 interlinearibus
751 1833 1070 1881 instructus-Fabulam
1089 1833 1148 1881 ordo
1166 1842 1211 1893 est,
1231 1831 1325 1893 Amph.
1346 1831 1420 1879 Asin.

351 1903 440 1951 Aulul.
460 1904 531 1966 Capt.
552 1905 622 1954 Curc.
641 1906 695 1955 Cas.
712 1906 772 1955 Cist.
790 1906 973 1969 Epiri-Liber
987 1906 1028 1955 hic
1044 1908 1103 1954 olim
1119 1921 1192 1967 penes
1210 1907 1352 1955 Societatem
1370 1905 1420 1952 Re·

352 1976 432 2037 galam
453 1978 631 2029 Londinensem
647 1982 702 2044 fuit,
719 1982 760 2029 sed
777 1997 854 2043 nuper
875 1982 951 2044 [anno
967 1982 1047 2044 1831‚]
1068 1983 1095 2029 in
1116 1981 1232 2029 Museum
1252 1981 1420 2028 Britannicum

352 2052 481 2108 nmshtus
496 2061 552 2101 est·
571 2053 653 2102 Habet
664 2057 690 2103 in
701 2056 778 2103 fronte
790 2057 943 2117 impressum,
960 2057 1036 2104 '’Soc.
1050 2056 1113 2117 Reg.
1128 2056 1206 2105 houd.
1221 2072 1252 2105 ex
1267 2056 1331 2104 dono
1343 2056 1420 2103 Hem.
1494 2062 1497 2067 '

353 2130 460 2179 Howard
481 2131 685 2181 Norfolciensis.“
714 2134 760 2182 Est
779 2150 836 2183 sane
856 2135 1004 2182 auctoritatis
1023 2134 1090 2196 haud
1109 2135 1247 2196 spernenda
1267 2135 1359 2194 Codex,
1379 2136 1421 2182 lit·

353 2207 409 2273 teris
430 2207 549 2270 Gothicis,
564 2210 643 2270 iisque
655 2210 799 2273 plerumque
817 2211 951 2271 contractis,
966 2218 1085 2272 exaratus,
1101 2210 1168 2259 haud
1182 2226 1238 2259 sane
1252 2212 1317 2259 lectu
1332 2212 1420 2273 facilis,

354 2292 377 2331 et
389 2298 562 2345 nonnunquam
578 2286 780 2347 corruptissimus,
800 2286 893 2334 habens
910 2294 990 2334 tamen
1006 2301 1079 2347 quare
1096 2288 1197 2334 minime
1212 2288 1329 2335 evolvisse
1346 2303 1420 2348 quen-

353 2375 427 2421 quam
446 2362 568 2423 poeniteat.
599 2361 693 2409 Glossae
710 2370 767 2409 sunt
786 2363 812 2409 in
828 2364 938 2424 margine
953 2363 1132 2424 copiosissima,
1148 2363 1190 2411 sed
1206 2371 1256 2410 tam
1271 2364 1357 2411 litteris
1373 2365 1421 2411 ml-

352 2436 418 2483 nutis
434 2436 582 2498 conscripte,
597 2444 625 2483 ut
637 2435 741 2496 legentis
755 2450 855 2483 acumen
870 2450 959 2497 magna
973 2451 1003 2483 ex
1018 2444 1086 2498 parte
1101 2435 1227 2497 effugiant.

309 2587 316 2601 .
412 2544 516 2604 Codex
539 2541 737 2605 Burneianus.
773 2546 837 2604 Fol.
859 2546 1116 2606 Membranaceus.
1155 2547 1334 2627 paginarum
1355 2555 1422 2619 593.

294 2688 301 2703 .
355 2642 427 2702 Saec.
449 2642 516 2701 XV.

413 2755 498 2816 Specie
513 2757 592 2817 magis
612 2772 687 2819 quam
702 2758 985 2818 auctoritatepretiosusr
1007 2766 1043 2805 est
1062 2758 1126 2805 enim
1141 2756 1269 2818 splendide
1285 2759 1387 2819 scriptus
1408 2772 1423 2806 a

355 2844 429 2877 manu
440 2829 535 2890 Italica,
551 2830 628 2879 fronte
638 2839 662 2879 et
671 2831 791 2892 prioribus
801 2832 920 2891 cujusque
930 2831 1020 2879 fabule
1030 2831 1117 2878 litteris
1127 2830 1280 2879 illuminatis.
1311 2832 1424 2881 Continet

354 2906 442 2967 viginti
462 2905 606 2968 Comoedias,
623 2906 668 2955 hoc
688 2906 786 2963 ordine3
808 2901 902 2969 Amph.
922 2907 1077 2958 Asin.Aul.
1100 2905 1170 2969 Capt.
1188 2907 1261 2957 Curc.
1282 2908 1340 2956 Cas.
1361 2909 1423 2959 Cist.

354 2980 429 3041 Epid.
447 2979 538 3029 Bacch.
555 2979 631 3030 Most.
646 2982 714 3031 Men.
732 2982 790 3031 Mil.
809 2983 885 3030 Mero.
902 2981 992 3029 Pseud.
1010 2981 1078 3029 Psen.
1095 2981 1162 3029 Pers.
1177 2980 1243 3029 Rud.
1258 2981 1335 3031 Stich.
1352 2982 1421 3030 Tria.

356 3054 457 3103 Trncnl.

306 3206 323 3223 ..
413 3160 515 3221 Codex
529 3161 724 3221 Burneianus.
765 3162 926 3234 Quondam
943 3160 1026 3220 Petri
1046 3160 1196 3239 Podalyrii
1214 3160 1336 3219 Anticii.
1357 3161 1421 3219 Fol.

251 3276 302 3329 2²7.
355 3252 611 3314 Membranaceus.
638 3256 787 3315 foliorum.
801 3264 866 3317 110.
888 3256 977 3315 Saec.
993 3254 1062 3313 XV.
1084 3254 1265 3331 (ineuntisi)

413 3360 513 3409 Litteris
531 3361 626 3411 Italicis
644 3364 766 3412 luculente
782 3366 899 3426 scriptum
918 3364 997 3411 fronte
1016 3363 1162 3422 illuminata,
1183 3362 1319 3424 litterisque
1333 3360 1423 3408 auratis
1465 3402 1468 3406 .

354 3436 474 3497 pictisque
488 3438 591 3499 singula
600 3452 684 3499 scena,
702 3439 761 3499 (nisi
773 3441 819 3487 sub
833 3440 906 3487 finem
919 3433 1071 3500 voluminis)
1081 3436 1195 3498 praefixis.
1228 3434 1303 3484 Haud
1316 3435 1421 3483 multum

355 3511 429 3560 distat
444 3528 459 3559 a
475 3512 507 3562 B.
520 3515 541 3573 l,
555 3514 604 3562 nisi
624 3514 689 3577 quod
704 3514 837 3577 aliquando
855 3513 990 3561 mendosior
1006 3522 1057 3570 est;
1077 3513 1151 3561 habet
1168 3512 1264 3559 notulas
1283 3509 1421 3570 nonnullas,

354 3586 497 3649 plerumque
512 3596 592 3637 textus
608 3588 740 3650 corrigendi
755 3604 828 3637 causa
841 3588 946 3650 margini
960 3587 1101 3649 adscriptas.

414 3662 527 3711 Continet
537 3663 633 3713 fabulas
643 3673 696 3713 octo
705 3665 804 3728 priores,
821 3664 904 3713 eodem
914 3663 998 3712 ordine
1008 3678 1056 3724 quo
1066 3663 1092 3709 in
1102 3661 1162 3709 Cod.
1174 3660 1204 3709 B.
1218 3662 1241 3720 l,
1256 3660 1371 3721 digestas.

311 3811 318 3826 .
413 3771 516 3831 codex
549 3773 735 3833 harleianus.
786 3773 932 3834 cheac:
966 3747 1194 3831 sonorum'no.
1237 3769 1308 3827 saec.
1331 3765 1419 3827 xiv.

306 3914 313 3931 .
355 3867 510 3939 exeuntis3
531 3868 580 3927 vel
600 3865 669 3928 XV.
689 3868 828 3929 ineuntis.

414 3979 498 4028 Habet
514 3980 605 4041 glossas
621 3979 662 4029 hic
672 3980 724 4029 illic
737 3981 883 4045 marginales
893 3987 917 4028 et
928 3978 1099 4038 interlineares,
1114 3975 1157 4024 sed
1170 3973 1235 4021 haud
1246 3973 1330 4035 magni
1342 3969 1421 4034 pretii.

356 4056 402 4105 Est
412 4055 621 4120 fideiplerumque
630 4055 697 4105 haud
707 4056 846 4119 spernenda
856 4056 948 4117 Codex,
964 4054 1094 4116 aliquando
1104 4059 1186 4100 autem
1196 4050 1263 4098 vitiis
1274 4048 1422 4098 deformibus

355 4138 479 4197 terpaton
495 4132 563 4179 verbi
573 4133 729 4195 eausa,conf.
742 4147 781 4181 vv.
793 4132 920 4180 lit-m.
950 4129 1063 4178 Continet
1075 4126 1171 4176 easdem
1182 4123 1263 4189 VIII.
1277 4123 1421 4184 Comoedias,

355 4216 379 4256 et
389 4206 472 4256 eodem
482 4206 564 4255 ordine
574 4221 621 4268 quo
631 4208 657 4255 in
667 4207 698 4255 Β.
710 4209 732 4269 1,
748 4208 884 4269 dispositas.

240 4306 319 4373 H22·
413 4316 488 4375 Cod.
509 4316 594 4375 Harl.
614 4324 673 4377 dto.
695 4318 948 4377 Membranaceus.
989 4316 1061 4374 Saec.
1083 4312 1152 4371 XV.

247 4418 315 4467 ²⁶3⁴·
415 4428 522 4491 Optima
538 4430 686 4480 auctoritatis
703 4430 795 4481 Codex.
826 4429 905 4479 Manu
923 4428 1010 4477 Italica
1027 4434 1147 4476 exaratus.
1177 4424 1259 4473 Habet
1274 4431 1342 4471 nona
1357 4423 1422 4484 glos·

454 4539 470 4579 C
