3250 5217
623 582 922 650 AULULARIA.

276 786 476 859 Dexteram
492 787 499 856 !

427 909 492 984 ST.
513 907 633 981 Hem!

548 1036 624 1107 Eu.
642 1034 753 1107 Nunc
767 1033 893 1106 laevam
911 1029 1067 1104 ostende.

702 1159 766 1234 Sr.
784 1158 884 1243 Quin
901 1155 1065 1252 equidem
1082 1154 1201 1227 ambas
1217 1148 1363 1250 profero.

180 1289 256 1361 EU.
280 1287 307 1361 J
308 1313 364 1361 am
383 1289 531 1361 scrutari
545 1288 662 1362 mitto.
712 1285 843 1361 Redde
860 1282 950 1356 huo!

794 1407 859 1482 Sr.
875 1407 978 1494 Quid
994 1405 1167 1480 reddam?

953 1535 1029 1608 En.
1047 1533 1114 1605 An
1131 1557 1244 1630 nugas
1260 1532 1363 1630 agis?

281 1664 386 1737 Certe
400 1662 508 1737 habes
521 1666 528 1735 !

453 1786 516 1859 ST.
535 1785 666 1860 Habeo
682 1788 775 1882 ego?
794 1783 881 1880 quid
898 1780 1037 1855 habeo?
1100 1830 1116 1876 e

767 1908 844 1981 En.
862 1908 947 1981 Non
964 1907 1063 1980 dico:
1081 1904 1203 1979 audire
1219 1903 1367 2001 expetis.

282 2039 329 2113 Id
345 2065 464 2112 meum
483 2038 650 2136 quioquid
667 2036 785 2121 habes,
801 2034 929 2108 redde!

816 2154 880 2229 ST.
900 2152 1060 2225 Insanis:
1077 2160 1315 2247 perscrutatus
1332 2176 1369 2224 es

283 2286 365 2359 Tuo
381 2287 567 2370 arbitratu,
583 2308 698 2382 neque
715 2282 770 2355 tui
787 2305 845 2353 me
863 2280 1050 2376 quiequam
1067 2276 1236 2351 invenisti
1251 2302 1368 2374 penes.

185 2410 261 2482 Eo.
287 2410 411 2495 Mane,
430 2433 556 2482 mane:
583 2408 662 2505 quis
683 2407 746 2479 ille
764 2404 975 2500 est?-quis
992 2401 1051 2475 hio
1066 2402 1165 2475 intus
1185 2401 1274 2475 alter
1294 2412 1369 2475 erat
1393 2484 1396 2493 ,

433 2546 550 2608 tecum
576 2533 710 2607 simul?

286 2660 387 2733 Perii
405 2660 542 2733 hercle:
568 2658 630 2731 ille
652 2683 747 2730 nuno
767 2658 866 2729 intus
888 2656 1032 2741 turbot3
1058 2652 1155 2726 huno
1180 2652 1209 2724 si
1232 2651 1370 2736 amitto,

431 2784 491 2858 hio
514 2785 652 2859 abierit.
1314 2786 1372 2845 610

286 2909 472 2983 Postremo
482 2914 558 3007 jam
573 2910 669 2985 huno
684 2907 922 3007 perserutovi3
948 2903 1007 2977 hio
1021 2902 1112 2976 nihil
1128 2902 1246 2976 habet.
1282 2901 1371 2987 Abi,

433 3060 501 3130 quo
518 3034 638 3108 lubet!

233 3225 252 3252 v.
264 3215 305 3254 mr.
331 3216 397 3254 Han!
409 3214 443 3254 Ion
456 3214 511 3253 Mes.
528 3225 582 3253 unus
596 3213 623 3253 Η.
631 3215 650 3259 9,
665 3215 707 3258 En,
720 3213 755 3251 sed
770 3214 793 3251 in
805 3221 868 3261 marg.
882 3212 941 3251 Hem.
965 3210 1019 3250 Vide
1034 3211 1098 3259 supro
1109 3210 1237 3249 dein-40⁵.
1249 3214 1290 3258 Ao,
1303 3221 1374 3253 omnes

188 3278 257 3318 Nostri
271 3279 334 3318 codd.
358 3281 396 3325 An,
412 3279 454 3319 Bor
472 3283 519 3329 post
533 3279 581 3318 Ald.
598 3279 665 3318 Pru-m.
684 3277 728 3317 Etc.
753 3277 780 3315 Et
794 3277 824 3315 ita
839 3276 931 3315 Recentt.
946 3276 986 3321 red,
1001 3286 1050 3313 oum
1062 3274 1151 3313 nesciam
1163 3284 1190 3313 an
1203 3274 1288 3324 alicujus
1301 3277 1374 3327 Soripti

187 3345 227 3379 rtet
238 3341 364 3388 auctoritate,
378 3343 472 3389 alterum,
485 3343 540 3391 quod
550 3342 683 3381 oommodum
693 3340 742 3379 satis
754 3349 836 3378 sennim
847 3341 929 3387 prebet,
943 3339 1072 3378 retinendum
1084 3338 1246 3378 censui—ooo.
1258 3339 1291 3379 lto
1301 3341 1375 3379 iterum

189 3404 251 3443 codd.
265 3408 286 3444 et
299 3405 349 3444 Edd
361 3405 418 3445 Vett,
433 3410 455 3445 et
467 3410 521 3445 seme
532 3406 593 3455 longe
605 3406 652 3455 plus
662 3404 744 3453 spiritum
755 3404 808 3441 ineo
819 3402 884 3441 verbis
897 3402 926 3441 sio
940 3402 1011 3451 positis
1022 3412 1084 3451 quem
1095 3412 1136 3450 quo
1148 3401 1218 3441 ordine
1228 3402 1322 3443 exhibuit
1332 3404 1374 3443 Bo:

190 3466 271 3515 (secutis
285 3467 391 3511 Reeenttti
413 3468 501 3506 Habeo?
520 3468 571 3515 quid
585 3477 620 3516 eqo
634 3466 800 3509 Μϋωῖ-ἄη,
816 3464 923 3512 Quonam,
939 3474 1010 3503 omnes
1027 3468 1099 3513 preter
1114 3464 1139 3501 R.
1148 3466 1173 3510 2;
1187 3465 1224 3503 ubi
1234 3466 1297 3505 etiam
1307 3470 1338 3506 est
1352 3466 1375 3506 in

190 3540 239 3569 vern
254 3540 312 3579 prom
326 3531 442 3577 quiequam.
466 3532 508 3569 Bo:
519 3530 715 3579 quidquid—609.
729 3528 805 3567 Versus
816 3532 847 3566 est
861 3528 964 3567 Troehaie.
977 3532 1002 3567 ut
1014 3528 1087 3568 cereri.
1112 3527 1186 3567 Prioris
1199 3530 1262 3569 Mane
1276 3530 1314 3569 ult.
1328 3530 1373 3579 syn.

189 3591 309 3640 oorripitun
328 3591 386 3640 [vid
404 3592 459 3630 Men.
473 3592 515 3642 99.]
529 3596 552 3631 et
565 3592 621 3641 prior
635 3591 681 3640 sylL
695 3580 742 3625 τοῦ
757 3591 804 3632 mes
822 3588 896 3638 [Supra
909 3590 949 3629 16³.
967 3588 1016 3639 dte]
1040 3590 1079 3628 Ille
1091 3594 1159 3629 autem
1174 3591 1235 3631 habet
1248 3603 1302 3631 unus
1315 3592 1341 3632 Η.
1350 3596 1375 3640 3;

188 3654 238 3698 illio,
253 3652 331 3701 reliqui,
345 3654 380 3692 red
390 3652 412 3691 in
424 3662 483 3691 versu
494 3654 590 3702 proximo
601 3654 647 3695 ale,-
659 3653 715 3701 quod
724 3655 811 3700 utroque
822 3652 873 3697 loeo,
887 3651 919 3690 vel
930 3650 991 3691 metri
1000 3662 1066 3698 eausa,
1077 3652 1222 3701 reponendum.
1247 3654 1273 3693 Et
1283 3655 1312 3693 sie
1323 3655 1374 3695 Edd.

189 3714 237 3753 Ald.
254 3718 276 3753 et
286 3715 353 3753 rann.
369 3725 418 3753 eum
432 3716 505 3764 quibus
520 3716 622 3755 consentit
636 3714 711 3754 Noster
725 3714 881 3753 finem-inm
892 3714 938 3762 orris
952 3715 985 3755 hio
996 3724 1066 3753 omnes
1078 3714 1139 3754 Oodd.
1152 3719 1172 3754 et
1185 3716 1252 3756 Nostr.
1265 3722 1286 3757 et
1297 3718 1374 3757 vindo.

190 3778 232 3816 Bo:
244 3777 286 3825 qui,
299 3788 347 3816 eum
356 3778 468 3817 etiamdum
479 3789 522 3817 non
533 3778 698 3817 animadverterit
713 3778 768 3817 vocis
782 3779 816 3818 illo
831 3778 885 3827 apud
898 3778 996 3818 Noun-um
1009 3778 1097 3828 priorem
1113 3778 1211 3829 syllabam
1226 3781 1306 3830 corripi,
1320 3782 1375 3830 quod

190 3840 223 3879 vel
237 3839 260 3879 in
272 3842 364 3889 sequenti
376 3851 434 3881 versu
447 3842 509 3891 [olo]
522 3847 591 3891 sperne
601 3843 678 3882 foetum
689 3843 812 3882 εει-610.
827 3844 874 3889 Hie,
887 3842 920 3881 Ito
931 3854 1001 3882 omnes
1013 3844 1075 3883 codd.
1087 3844 1126 3881 nisi
1137 3845 1192 3893 quod
1202 3855 1263 3890 unus,
1276 3846 1302 3891 A,
1314 3845 1376 3886 habet

190 3902 223 3943 Mc
237 3902 313 3942 lineola
326 3904 475 3953 mperindueta,
495 3906 550 3953 qnod
561 3906 616 3945 valet
630 3907 684 3945 hino.
699 3910 725 3945 ut
737 3904 800 3945 edidit
813 3906 850 3944 Bo.
876 3906 914 3944 Sed
927 3906 1013 3945 alterum
1029 3906 1079 3945 Edd.
1092 3904 1235 3946 vett—611.
1248 3908 1299 3947 Jom
1313 3908 1373 3954 huno,

190 3976 262 4006 omnes
272 3963 335 4005 codd,
347 3970 369 4005 et
380 3966 430 4005 de.
443 3967 556 4009 vett-oio
566 3968 609 4007 nio
621 3970 666 4007 Mb.
691 3968 724 4008 Ita
734 3968 797 4010 codd.
810 3968 846 4008 sed
856 3968 965 4008 delendum
977 3973 1036 4019 putot
1046 3970 1079 4009 hio
1088 3969 1162 4009 Noster
1172 3969 1248 4017 Hsnr,
1261 3970 1295 4011 oui
1306 3975 1375 4013 tamen

191 4040 234 4070 non
245 4030 325 4069 noeedn

194 4166 196 4171 ⁵
231 4168 298 4239 609·
339 4167 421 4227 Alter
441 4174 503 4225 erat
523 4175 613 4226 tecum
629 4167 759 4250 sinuli]
808 4174 861 4233 ite
876 4175 985 4252 quaerit
1005 4174 1102 4243 homo,
1127 4174 1225 4234 omnia
1247 4186 1311 4235 tuta
1336 4175 1374 4234 ti-

192 4264 293 4324 Nemo
312 4276 375 4324 erat
401 4264 521 4324 omnino
547 4277 655 4343 praeter
676 4268 757 4345 Stro-
808 4292 902 4340 mens,
930 4282 960 4330 et
988 4270 1043 4329 sibi
1070 4269 1127 4347 ipsi
1156 4290 1214 4329 non
1242 4272 1373 4331 credens

192 4363 287 4421 hilum
294 4386 303 4434 ;
316 4364 367 4423 sed
377 4364 461 4443 quasi
471 4363 579 4440 aliquis
587 4365 662 4425 alius
671 4378 756 4438 esset,
808 4367 911 4425 Lnnn.
