3250 5217
288 586 354 648 134
693 584 1000 649 GLOSSARIUM
1029 648 1031 651 ,

339 793 403 846 154.
450 775 590 851 Onerat
613 771 792 875 namium]
828 833 834 840 ..
849 790 960 849 Gnos:
994 788 1067 849 citat
1096 790 1218 851 salmas.
1269 794 1286 817 ''
1299 791 1430 851 onerare

282 905 403 966 samiam
420 906 524 976 estid,
541 905 623 985 quod
640 906 682 964 ait
695 905 820 975 Brutus,
842 906 902 965 Cic
919 906 976 984 Ep.
994 907 1077 966 Fam.
1093 907 1134 966 11.
1151 916 1196 968 13.
1237 909 1429 989 “Injungere

282 1020 517 1079 detrimentum.”
559 1018 687 1079 Onerari
700 1029 799 1078 antem
812 1038 873 1077 non
881 1029 1003 1078 ‚tuntum
1016 1019 1127 1079 dicitur
1138 1040 1195 1090 res,
1217 1020 1317 1097 (verbi
1330 1041 1428 1094 causa,

282 1130 387 1211 navis)
409 1152 476 1210 quae
498 1131 606 1211 accipit
626 1151 711 1200 onus,
739 1130 791 1190 sed
818 1130 907 1189 etism
930 1130 1006 1189 illud
1029 1132 1128 1210 ipsum
1151 1133 1233 1211 quod
1254 1135 1427 1213 imponitur,

281 1245 435 1303 sisennus
455 1244 558 1323 ipsum.
597 1243 695 1302 Graeci
718 1255 826 1303 vocant
850 1241 1056 1319 ἐμβάλλεσθαι.
1096 1243 1147 1303 Sic
1164 1264 1286 1304 onerare
1308 1247 1428 1306 samiam

281 1365 326 1413 cst
346 1354 465 1423 inferre,
485 1354 637 1431 imponere
651 1352 798 1430 jacturam
807 1375 817 1422 ;
835 1362 870 1411 ut
887 1371 1010 1411 onerare
1024 1350 1129 1421 uinum,
1145 1352 1298 1432 imponere
1315 1356 1429 1413 vinnm.

280 1468 367 1547 Virg.
378 1467 445 1527 AEn.
459 1468 482 1525 Ι.
498 1474 563 1537 195.
583 1465 689 1524 “Vina
701 1466 798 1524 bonus
811 1484 880 1542 quae
893 1464 1002 1524 deinde
1016 1464 1098 1525 cudis
1107 1475 1244 1525 onerarat
1255 1468 1428 1527 Acestes.”“

336 1675 400 1729 155.
447 1652 634 1755 polypos]
677 1668 980 1728 610116011112.
1022 1667 1144 1728 ”Piscis
1165 1671 1296 1730 marinus
1317 1673 1428 1732 multos

278 1795 391 1854 habens
410 1790 502 1871 pedes
523 1809 575 1849 seu
595 1787 725 1858 brachiu,
748 1788 834 1866 qussi
850 1787 972 1846 πολλοὺς
988 1786 1075 1845 πόδας
1090 1786 1174 1868 ἔχων,
1194 1791 1303 1868 quibus
1319 1810 1427 1870 appre-

278 1906 406 1967 hensum
424 1914 507 1963 tenet
527 1899 673 1980 quicquid
691 1909 795 1958 nactus
812 1909 874 1969 est3
897 1899 1024 1959 colorem
1044 1909 1141 1957 mutat
1154 1900 1193 1959 sd
1212 1900 1270 1961 loci
1288 1901 1426 1961 similitu·

279 2023 380 2081 dinem
402 2019 504 2098 reique
529 2015 679 2095 subjectns,
707 2024 737 2073 et
756 2013 885 2073 maxime
911 2014 943 2071 in
968 2022 1082 2073 metu.“
1123 2014 1209 2073 Prior
1230 2026 1329 2075 sutem
1351 2017 1424 2093 syll:

277 2131 463 2213 producitur,
490 2129 528 2187 ab
554 2126 655 2186 Attica
682 2145 753 2184 voce
780 2122 930 2193 πούλυπος,
950 2143 1006 2201 pro
1025 2122 1183 2195 tintinnum
1213 2126 1282 2186 Hoc
1305 2127 1370 2187 loco
1387 2126 1425 2187 sd

276 2246 414 2307 hominem
441 2262 585 2323 rapacem,
610 2240 711 2319 quales
736 2238 914 2318 plerumque
941 2247 1011 2297 sunt
1036 2238 1086 2297 isti
1112 2238 1221 2299 divites
1247 2251 1278 2302 et
1299 2242 1424 2311 factiosi,

276 2380 331 2441 per
343 2358 547 2437 metaphoram
559 2354 753 2423 transfertui-3
773 2351 806 2409 hi
824 2350 903 2410 enim
921 2349 1066 2428 quicquid
1083 2351 1173 2411 semel
1190 2353 1423 2432 concupiverim,

276 2476 358 2535 haud
384 2484 495 2533 temere
520 2468 670 2535 mnittunt,
698 2463 771 2543 quin
798 2464 830 2520 in
850 2472 1026 2541 potestatem
1050 2482 1131 2522 susm
1159 2464 1305 2543 redigant,
1330 2477 1361 2526 et
1382 2466 1424 2525 ibi

277 2584 462 2646 tenacissime
482 2588 666 2641 conservent.
705 2575 764 2635 Ov.
787 2575 860 2633 Met.
880 2574 935 2635 IV.
958 2572 1023 2635 366.
1065 2574 1159 2634 “Sub
1180 2578 1351 2655 aequoribus
1372 2577 1424 2637 de·

277 2716 418 2777 prensum
436 2692 561 2774 polypus
577 2690 692 2750 hostem
711 2688 861 2759 Continet,
879 2710 916 2749 ex
933 2686 1013 2747 omni
1027 2688 1156 2749 dimissis
1172 2700 1257 2769 purte
1274 2689 1424 2768 flagellis?

335 2886 399 2946 157.
442 2868 500 2941 De
517 2864 696 2939 communi
713 2858 779 2960 re]
822 2868 1008 2931 Acommon
1025 2888 1174 2932 concern.
1215 2874 1296 2933 Citat
1311 2873 1422 2932 Lanu:

278 3004 353 3061 Hor.
375 3002 434 3061 Sat.
448 2997 492 3057 ΙΙ.
510 3015 555 3055 v1.
572 2995 618 3056 36.
661 2992 739 3051 “De
758 3014 791 3051 re
811 2990 951 3051 communi
971 2990 1085 3050 Scribae
1104 3012 1214 3072 magna
1233 2976 1323 3070 atquc
1344 3008 1424 3049 nova

277 3126 306 3174 tc
327 3114 462 3174 Orubant
481 3109 571 3169 hodie
590 3106 783 3173 meminisses,
803 3103 927 3176 Quinte,
948 3104 1084 3163 reverti.”

333 3295 398 3349 158.
443 3279 578 3366 Intus]
625 3277 725 3342 From
741 3276 870 3339 within.
912 3280 996 3339 Men.
1013 3286 1078 3340 135.
1092 3278 1129 3336 6.
1168 3276 1421 3337 Adchss.242.

277 3406 382 3465 “Exit
395 3405 473 3463 forus
486 3399 629 3459 Chalinus
647 3397 751 3456 1111111.η
792 3395 900 3455 Pseud.
914 3394 981 3455 603.
1021 3404 1041 3431 “
1051 3393 1137 3453 Intus
1149 3395 1279 3453 evocabo
1292 3393 1422 3471 aliquem

276 3519 381 3579 forss.”

336 3732 386 3745 -
438 3679 713 3782 Harpagaillm]
750 3684 890 3756 Seizedt
913 3683 1107 3766 phtndered.
1141 3686 1296 3768 ἥρπασται,
1317 3688 1355 3745 ab
1367 3686 1422 3765 a‘p-

274 3822 365 3904 πάζω,
380 3817 460 3878 unde
472 3817 548 3876 Lst:
569 3814 710 3891 harpago,
727 3810 821 3888 rapio.
861 3807 970 3868 Pseud.
986 3804 1050 3867 136.
1092 3813 1112 3840 “
1123 3805 1214 3883 Rupe,
1230 3804 1322 3883 clepe,
1340 3814 1419 3873 tene,

275 3927 438 4014 harpaga?
462 3939 493 3988 et
509 3934 576 3998 957.
617 3921 732 3981 “Nihil
755 3920 921 3981 etiamdum
940 3917 1126 3999 harpagavit,
1147 3926 1257 3997 praeter
1278 3915 1420 3995 cyathum

273 4058 305 4108 et
323 4042 525 4107 cunthsmm.''
564 4038 648 4098 Hinc
668 4047 700 4095 et
719 4054 828 4093 nomen
847 4031 1004 4112 proprium
1025 4031 1147 4110 Harpax
1167 4030 1200 4089 in
1222 4049 1285 4108 quo
1302 4028 1421 4108 jocatur

275 4156 384 4214 Noster
404 4151 513 4212 Pseud.
526 4149 594 4210 651.
615 4167 682 4225 sqq.
721 4153 742 4179 “
750 4145 857 4223 Apage
876 4154 916 4212 te,
935 4142 1075 4220 Hmpax!
1100 4139 1181 4199 haud
1201 4139 1308 4218 places.
1348 4136 1421 4197 Huc

273 4260 396 4340 quidem
415 4260 515 4319 hercle
535 4256 617 4317 haud
642 4256 700 4315 ibis
724 4254 814 4323 intro,
840 4274 878 4314 ne
900 4253 974 4332 quid
996 4253 1112 4332 karpau
1120 4251 1261 4331 ficeret?
1286 4250 1320 4327 (i.
1334 4271 1359 4309 c.
1380 4269 1419 4308 ne

274 4372 349 4453 qnid
366 4368 601 4450 harpagaveris.)
642 4368 697 4426 Est
716 4376 747 4425 et
763 4367 856 4427 mbst.
877 4365 1019 4443 harpago,
1042 4362 1086 4443 (A
1104 4362 1255 4442 grspple,)
1274 4383 1292 4421 s
1313 4361 1420 4420 Graecc
