3250 5217
288 599 353 661 140
695 600 1000 665 GLOSSARIUM

337 806 404 859 242.
453 790 569 866 Haud
584 790 685 883 nom]
734 807 946 867 Hellenismus.
993 808 1043 867 Sic
1070 808 1159 887 Epid.
1184 807 1250 869 653.
1273 854 1275 861 .
1296 805 1427 885 “Neque

282 918 331 977 ille
351 917 432 976 houd
449 918 571 998 objiciet
589 918 690 976 mihi.’'

334 1103 401 1162 cu.
450 1086 685 1181 Dimidium]
731 1099 816 1172 Quid
835 1101 952 1160 inarsit
969 1101 1048 1160 incer
1064 1101 1121 1161 hoc
1139 1104 1274 1171 verbum,
1294 1112 1325 1161 et
1339 1100 1424 1174 arms

281 1221 398 1293 dutum,
420 1220 551 1280 diximus
568 1219 606 1278 ad
624 1222 705 1279 Men.
720 1227 767 1281 80.
780 1220 817 1278 G.
859 1221 938 1279 Fuse
956 1239 1076 1298 quoque
1092 1219 1125 1277 in
1138 1217 1243 1278 eodem
1259 1217 1425 1295 disputavit

283 1338 412 1407 Rostius,
435 1335 582 1415 Opoacala
603 1335 743 1395 Plautina
760 1357 791 1414 p.
805 1344 872 1395 211.
888 1355 952 1413 sqq.
993 1333 1084 1406 Quod
1101 1345 1200 1394 autem
1217 1335 1268 1403 ait,
1287 1334 1344 1394 hoc
1362 1333 1425 1392 dis-

280 1448 392 1508 crimen
419 1468 479 1507 non
505 1451 695 1507 observatum
724 1468 788 1506 esse
813 1448 845 1505 in
872 1447 1094 1525 Epigrammate
1121 1447 1159 1506 ‹le
1186 1447 1336 1516 Terentio,
1370 1447 1423 1505 uhi

280 1560 468 1620 “Dimidiotc
489 1560 671 1620 Menander'’
692 1560 859 1639 appellatus
882 1570 936 1629 est,
958 1559 1047 1619 credo
1068 1560 1176 1618 falsum
1197 1580 1277 1631 esse3
1298 1558 1379 1617 Nam
1397 1559 1423 1617 si

279 1673 421 1732 “dimidie
442 1672 623 1732 Menander”
640 1682 762 1731 vocatus
779 1682 865 1740 esset,
885 1682 951 1731 tum
970 1671 1150 1750 intelligeres
1170 1671 1370 1732 Menandrum
1389 1672 1423 1731 in

278 1784 352 1843 duaa
371 1793 471 1862 partes
490 1802 554 1842 esse
574 1783 712 1852 divisum,
732 1802 859 1861 quarum
878 1781 970 1841 altera
990 1793 1067 1843 esset
1084 1782 1145 1861 ipre
1167 1782 1336 1843 Terentina.-
1360 1804 1422 1842 non

276 1905 376 1954 autem
400 1894 434 1953 id
459 1895 599 1973 intelligit
626 1895 715 1953 Poeta
722 1916 732 1964 ;
758 1895 829 1964 imo,
856 1895 1058 1954 Menandrum
1083 1896 1183 1974 ipsum
1209 1899 1265 1955 sub
1289 1896 1420 1955 Persona

279 2004 413 2065 Terentii
425 2004 641 2082 repraesentari,
662 2003 785 2062 dimidia
797 2013 898 2063 tamen
913 2013 998 2082 parte
1010 2004 1173 2075 minorem3
1193 2004 1223 2062 h.
1236 2026 1262 2063 e.
1281 2024 1421 2063 mancum

278 2116 399 2195 quidem
420 2125 450 2174 et
472 2125 600 2185 curtum,
625 2115 677 2175 sed
699 2114 892 2173 nihilominus
914 2116 1013 2193 ipsum
1036 2114 1187 2175 hominem
1209 2116 1294 2194 quasi
1316 2116 1420 2174 vivum

277 2229 412 2307 exprimi.
459 2229 617 2307 Optimum
648 2230 818 2308 exemplum
848 2230 963 2308 praebet
989 2230 1062 2288 Cato
1089 2230 1123 2288 R.
1143 2231 1177 2288 R.
1199 2229 1295 2288 CLII.
1345 2230 1421 2287 “Eo
1467 2317 1474 2331 ι

277 2343 374 2402 cribro
389 2352 505 2401 -terram
527 2342 672 2401 incemito
697 2342 876 2401 dimidiatum
903 2342 1060 2420 digitum?
1089 2342 1122 2419 (i.
1136 2363 1161 2402 e.
1190 2342 1236 2400 To
1256 2342 1307 2401 the
1326 2342 1419 2421 depth

275 2454 312 2512 of
319 2453 442 2511 halftle
454 2452 544 2510 entire
557 2454 667 2531 linger:
689 2455 745 2512 but
757 2464 820 2523 not,
834 2455 958 2534 ofinger
970 2462 1017 2513 out
1030 2452 1060 2511 io
1075 2453 1152 2532 imo.)
1172 2454 1205 2511 N
1206 2464 1259 2513 osc
1274 2455 1340 2513 Mil.
1354 2454 1420 2522 756.

278 2562 514 2621 “Procumbunt
530 2560 700 2620 dimidiati?
741 2562 802 2621 Ubi
815 2562 950 2621 homines
968 2562 1090 2640 quidem
1103 2562 1154 2620 toti
1167 2573 1245 2633 sunt,
1267 2562 1318 2622 sed
1334 2562 1418 2641 quasi

276 2673 307 2730 in
329 2672 403 2731 duas
421 2683 521 2751 partes
537 2672 634 2731 divisi.
674 2674 783 2732 Contra
799 2672 871 2731 Juv.
893 2674 952 2733 Sat,
966 2673 1055 2733 VIII.
1074 2683 1101 2734 4.
1142 2674 1274 2733 “Curios
1290 2675 1354 2753 jam
1373 2674 1418 2733 di-

275 2780 405 2839 midior.’'
447 2782 525 2839 Nam
553 2801 656 2840 eorum
673 2801 742 2859 pars
761 2781 853 2840 altera
871 2781 991 2841 omnino
1007 2802 1063 2861 per
1082 2793 1260 2843 vetustatem
1278 2783 1415 2862 perierat,

274 2894 367 2954 altera
383 2896 446 2975 jam
462 2896 599 2954 restabat.
641 2894 805 2964 Postremo,
822 2915 860 2954 ne
874 2895 991 2973 longior
1005 2896 1060 2954 sim
1077 2896 1109 2955 in
1126 2916 1158 2956 re
1175 2898 1245 2956 satis
1258 2898 1414 2973 exagitata,

274 3009 387 3066 Auson.
401 3007 508 3086 Epigr.
548 3014 569 3041 “
577 3005 691 3085 Incipe,
711 3006 859 3065 dimidium
872 3006 943 3065 facti
956 3017 1001 3066 est
1014 3008 1138 3086 coepisse
1145 3031 1155 3079 ,-
1178 3010 1306 3087 supersit
1319 3008 1416 3067 Dimi-

273 3119 369 3177 dium:
392 3140 512 3178 rursum
534 3118 590 3177 hoc
614 3118 722 3197 incipe,
747 3128 777 3177 et
799 3118 931 3177 efficies.'’
971 3118 1062 3190 Quod
1085 3122 1263 3198 exemplum,
1287 3121 1311 3179 si
1334 3121 1416 3200 quod

272 3229 363 3298 aliud,
384 3230 472 3308 plane
490 3228 672 3288 demonstrat
689 3249 753 3287 rem
770 3228 802 3286 in
820 3228 893 3287 duas
910 3249 1010 3307 aequas
1028 3240 1126 3309 partes
1143 3231 1231 3310 plane
1248 3242 1279 3291 et
1295 3233 1418 3291 omnino

273 3338 408 3408 divisam,
427 3358 555 3417 quarum
571 3339 625 3397 ubi
638 3338 759 3397 alteram
774 3337 818 3415 (h.
829 3360 854 3398 e.
871 3337 1033 3417 dimidium)
1048 3342 1211 3412 sustuleris,
1229 3343 1320 3404 altera
1334 3345 1376 3420 (h.
1387 3368 1413 3405 e.

273 3451 434 3531 dimidium)
456 3473 511 3531 per
534 3472 565 3512 se
590 3461 696 3511 restat:
726 3450 817 3522 Quod
838 3461 949 3525 contra,
968 3472 1015 3510 res
1036 3452 1194 3525 dimidiato,
1216 3459 1300 3517 verbi
1320 3460 1417 3537 gratia

272 3563 369 3632 Luna,
391 3563 552 3621 etiamdum
576 3570 634 3620 tolo
660 3571 714 3630 est,
735 3560 806 3619 licet
826 3561 858 3619 in
884 3559 957 3619 duas
977 3572 1077 3640 partes
1100 3564 1203 3623 divisa.
1244 3567 1326 3625 Infra
1347 3575 1416 3635 724.

272 3673 459 3733 “Dimidium
472 3682 586 3753 partem
607 3673 706 3743 ouri;’'
726 3671 808 3750 quod
827 3672 908 3731 idem
928 3682 972 3731 est
991 3693 1025 3732 ac
1042 3673 1216 3734 “dimidium
1232 3678 1324 3736 auri.”
1363 3679 1416 3739 Sic

269 3785 382 3864 Amph.
396 3793 462 3855 973.
503 3783 587 3843 “Me
607 3783 688 3842 haud
707 3784 833 3862 poenitet
854 3784 974 3853 scilicet,
995 3782 1059 3843 Ioni
1078 3784 1224 3845 dimidium
1242 3788 1316 3847 mihi
1335 3789 1414 3847 divi·

269 3896 339 3958 dere
360 3918 428 3957 cum
447 3896 552 3955 Jove.”
592 3894 687 3971 (Half
701 3895 737 3953 of
751 3914 803 3971 my
823 3894 941 3973 goods.)

323 4079 390 4132 250.
438 4056 615 4149 Demo]
663 4071 711 4130 De
730 4091 784 4164 sua
801 4070 937 4149 pecunia.
978 4071 1059 4131 Men.
1074 4071 1140 4131 206.
1162 4072 1199 4130 G.

324 4267 390 4320 252.
438 4250 540 4338 Quid
555 4249 691 4347 negotii
709 4245 806 4339 estl]
847 4250 969 4315 What'c
985 4253 1039 4314 the
1054 4256 1197 4316 matter?
1228 4240 1413 4318 A'dmirantis

269 4383 405 4452 formula,
424 4382 534 4460 passim
553 4381 634 4459 apud
653 4380 800 4439 Nostrum
817 4387 967 4456 usurpata,
990 4379 1042 4436 ubi
1061 4378 1174 4457 aliquid
1191 4380 1342 4457 inopinato
1362 4381 1410 4439 vel
