3250 5217
603 1083 1062 1179 PROLOGUS.

739 1394 930 1405 -—-——..

641 1617 727 1675 LAR
760 1614 1025 1676 FAMILIARIS.

328 1870 330 1876 .
392 1808 458 1883 Nn
486 1812 564 1907 quis
589 1812 739 1889 miretur
763 1815 825 1909 qui
850 1814 928 1898 sim,
953 1811 1074 1909 paucis
1099 1810 1251 1907 eloquar.

344 1934 427 2035 Ego
454 1940 527 2010 Lar
551 1962 629 2011 sum
655 1936 840 2011 familiaris
864 1962 909 2012 ex
933 1936 1000 2010 hac
1024 1935 1171 2019 familia,

346 2062 459 2137 Unde
482 2073 672 2137 exeuntem
697 2088 754 2137 me
778 2064 975 2160 aspexistis.
1027 2060 1137 2134 Hanc
1162 2060 1306 2133 domum

340 2185 425 2259 Jam
450 2188 582 2260 multos
608 2210 717 2260 annos
740 2197 795 2259 est
821 2210 927 2283 quom
952 2185 1123 2283 possideo,
1147 2196 1185 2259 et
1210 2183 1300 2268 0010,

341 2311 446 2384 Patri
473 2336 605 2407 avoque
623 2314 701 2407 jam
725 2309 844 2407 hujus,
869 2312 1049 2407 quinunc
1073 2308 1133 2383 hic
1158 2308 1277 2383 habet.
1408 2323 1425 2374 5

342 2437 415 2509 Sed
438 2440 488 2510 mi
514 2462 595 2511 avos
620 2436 728 2535 hujus
754 2440 940 2512 obsecrans
962 2437 1180 2512 concredidit

341 2560 439 2633 Auri
465 2560 672 2638 thesaurum
696 2562 786 2636 olam
812 2588 955 2649 omnes3
983 2564 1022 2636 in
1047 2562 1166 2635 medio
1191 2557 1267 2633 foco

343 2686 509 2771 Defodit,
532 2712 707 2785 venerans
726 2714 794 2773 me,
821 2700 863 2761 ut
886 2689 924 2762 id
948 2713 1121 2762 servarem
1148 2688 1226 2759 sibi.

291 2900 309 2927 v.
324 2890 340 2927 1.
366 2890 407 2937 Qut
417 2899 471 2936 000,
482 2890 563 2929 1111.
578 2890 602 2930 R
611 2892 695 2929 0.-0,
709 2896 820 2938 mannum,
836 2892 866 2932 110
876 2898 916 2932 tres
927 2893 989 2932 eodo.
1002 2892 1056 2932 iuter
1066 2904 1116 2941 qnos
1127 2890 1273 2931 reassumimus
1284 2891 1309 2929 R
1319 2892 1335 2928 ι.
1354 2890 1428 2939 reliqui

246 2955 300 2999 octo,
312 2954 331 2991 ct
344 2954 493 2991 canum—5.
508 2952 573 2999 Patri,
594 2952 624 2991 110
636 2952 690 2993 Mas.
704 2954 777 2993 ultima
788 2953 846 2994 litera
857 2964 900 2993 non
910 2954 957 2993 0110
982 2955 1025 2993 Bo:
1038 2955 1204 3002 Patrique-o.
1216 2954 1247 2992 00·
1260 2962 1315 2998 ocor,
1328 2953 1357 2991 ita
1372 2952 1426 2991 1100.

245 3014 280 3061 mi,
293 3023 335 3052 non
347 3013 458 3053 elia-a
471 3024 507 3060 010,
520 3024 563 3053 non
574 3014 620 3053 alid

283 3184 310 3235 2.
350 3175 415 3233 Lar
417 3173 622 3256 familiaris]
653 3178 737 3237 Deus
760 3178 812 3237 ad·
903 3189 930 3238 4.
970 3178 1080 3237 Multos
1093 3182 1430 3260 000000010000,010.]

243 3270 373 3339 hibetur,
388 3270 463 3348 quia.
478 3291 545 3349 quae
564 3271 614 3330 hic
632 3293 650 3330 0
671 3272 748 3331 Lare
768 3272 812 3329 di·
864 3276 914 3332 ‘It
939 3274 964 3331 is
985 3294 1075 3351 many
1101 3294 1186 3351 years
1213 3275 1292 3333 since
1316 3275 1331 3331 I
1354 3274 1430 3333 have

244 3376 362 3434 cuntur,
381 3384 442 3423 non
463 3366 521 3423 uisi
541 3388 559 3425 a
579 3366 645 3425 Deo
670 3368 737 3427 sciri
760 3388 813 3445 po-
863 3370 939 3426 been
980 3367 1167 3445 occupying!
1221 3367 1310 3438 Recte
1349 3379 1431 3427 notat

244 3467 349 3517 terant.
383 3457 474 3530 Quod
488 3478 557 3516 cum
570 3458 686 3527 accidit,
694 3468 815 3517 auctore
863 3462 972 3520 Laus:
1001 3463 1124 3521 mixtam
1150 3483 1213 3522 esse
1237 3465 1434 3523 constructio--

245 3554 414 3626 Aristotele,
428 3554 498 3614 licet
511 3556 620 3623 Deum,
641 3555 768 3613 maxime
781 3555 815 3613 in
863 3576 932 3616 nem
952 3577 989 3615 ex
1007 3556 1099 3615 Multi
1116 3556 1187 3615 anai
1207 3567 1273 3617 0001
1293 3580 1425 3637 quoru...

244 3650 398 3729 tragoedia,
422 3651 572 3721 adhibere,
593 3652 645 3710 sed
663 3651 813 3710 interdum
863 3664 902 3722 et,
923 3652 1034 3711 Multos
1054 3673 1144 3712 canos
1165 3654 1301 3732 possideo.
1342 3654 1429 3714 Simi-

245 3746 334 3803 etiam
366 3746 398 3804 in
431 3746 591 3805 Comoedia.
644 3744 720 3805 Hor.
754 3748 813 3805 Ars
862 3748 920 3806 lem
935 3748 1182 3807 constructionem
1200 3749 1271 3808 citat
1284 3748 1428 3808 Gunrsn:

247 3840 328 3898 Poet.
351 3848 414 3911 191.
862 3863 898 3901 ex
912 3844 996 3902 Nost
1010 3842 1091 3900 Pers.
1108 3851 1172 3909 137.

260 3945 276 3971 ‘⁴
288 3946 340 3993 Nec
361 3947 428 3995 Deus
447 3947 535 3997 intersit
554 3948 597 3997 nisi
617 3948 699 4007 dignus

317 4018 393 4067 nodus

291 4092 431 4143 Inciderit.''
462 4095 546 4143 Lunx.

718 3948 812 3997 Vindice
871 3975 887 3996 ‘⁸
897 3971 964 4019 Sicut
972 3971 1023 4019 istic
1033 3971 1088 4019 leno
1102 3987 1137 4019 ser
1146 3971 1193 4019 huc
1203 3986 1284 4018 mansas
1294 3972 1429 4031 Megaribus

900 4047 1011 4095 Nondum
1021 4055 1052 4093 art
1060 4063 1127 4106 quom
1136 4045 1313 4105 conmigrauit.”

246 4193 810 4267 0101001001.0110000000,
901 4200 927 4251 5.
968 4190 1055 4249 Patri
1073 4191 1211 4270 000000]
1250 4192 1310 4251 Le.
1342 4193 1429 4254 Hanc

227 4311 229 4315 ’
246 4289 275 4349 h.
290 4310 314 4351 e.
354 4288 451 4358 Deus,¹
462 4289 622 4361 inducitur,
638 4291 690 4368 qui
704 4290 812 4350 fabulae
863 4288 985 4346 domum
996 4287 1060 4346 colo
1068 4306 1123 4365 pro
1132 4296 1215 4364 patre
1225 4297 1255 4345 et
1265 4307 1322 4345 avo
1328 4288 1428 4366 hujus·

245 4386 389 4447 laboranti
404 4397 562 4447 succurrat.
863 4403 971 4461 nempe
986 4383 1018 4440 in
1030 4382 1136 4440 horum
1149 4403 1245 4441 usum.
1289 4384 1389 4442 Laus.

347 4490 365 4530 *
378 4501 390 4551 l
