3250 5217
283 565 349 633 160
690 569 1000 634 GLOSSARIUM

340 815 391 832 -··
446 768 636 871 Ungulis]
683 779 800 843 clauc.
850 785 910 844 Pro
942 783 1093 863 unguibus.
1147 784 1194 844 its
1217 785 1324 845 Pseud.
1350 785 1417 849 641.

279 901 378 961 “Non
398 901 468 962 licet
485 900 545 961 huc
561 901 683 980 injicere
702 901 853 981 ungulos?
871 913 902 963 et
919 911 985 966 858.
1025 904 1189 964 “Miluinis
1207 915 1259 964 aut
1279 905 1422 985 aquilinis¹

278 1013 426 1094 ungulis?
445 1024 476 1074 et
495 1021 561 1076 865.
601 1014 801 1076 “constrictis
821 1014 964 1095 ungulis?

332 1201 399 1254 422.
446 1183 549 1272 Quid
572 1207 660 1284 opus
685 1196 738 1260 est
763 1181 925 1286 verbisi]
975 1193 1056 1276 Why
1080 1213 1140 1276 say
1163 1196 1274 1258 more?
1318 1201 1354 1260 Ti
1378 1202 1422 1261 δεῖ

276 1324 459 1399 μακρηγορεῖν
466 1339 476 1388 3
497 1317 638 1376 Formuls
650 1316 790 1396 frequens
803 1318 885 1397 apud
897 1318 1041 1380 (lomim
1081 1316 1190 1380 Bacch.
1204 1326 1271 1380 451.
1305 1319 1418 1386 “Quid

275 1451 346 1512 opos
365 1438 408 1491 esi
431 1429 549 1490 coriis?
569 1431 594 1490 si
609 1431 739 1510 opperiri
759 1431 893 1492 vellem.''
925 1433 1012 1492 Cure
1026 1440 1074 1504 79.
1113 1431 1350 1494 Intremuere
1415 1457 1418 1474 ·

339 1636 387 1650 ·-
444 1594 638 1687 Peruenit]
686 1601 762 1664 Woc
775 1621 810 1664 eo
827 1603 1047 1684 comparatae
1082 1609 1285 1689 Memphorice
1298 1623 1418 1691 sumpta

276 1747 344 1797 vox,
368 1725 617 1806 quemadmodum
642 1725 748 1786 Graece
768 1723 988 1806 παροξύνεσθαιτ
1012 1727 1071 1787 Est
1090 1749 1108 1787 c
1124 1749 1286 1808 perocesco,
1312 1731 1418 1790 eodem

275 1839 338 1899 fere
363 1857 449 1898 sensu
471 1855 532 1916 quo
556 1836 708 1904 inocescw
732 1838 825 1917 Apul.
846 1840 919 1899 Met.
939 1839 1006 1899 Lib.
1023 1840 1060 1898 V.
1100 1840 1162 1900 “Si
1184 1841 1241 1901 tibi
1259 1842 1357 1914 etinrn,
1383 1853 1418 1902 ut

274 1971 329 2032 pur
351 1960 405 2022 est,
429 1949 538 2010 isocos‘i
556 1960 658 2012 nostre
678 1951 882 2011 contumelis.”
921 1952 994 2011 Huc
1016 1951 1106 2012 etiem
1125 1952 1277 2032 pertinent
1296 1975 1417 2034 prover-

275 2060 368 2120 biales
393 2059 452 2119 iiiae
485 2059 628 2119 dictiones
654 2058 735 2139 apud
771 2060 870 2120 Nostr.
918 2060 1027 2120 Pseu&
1049 2069 1114 2129 740.
1155 2061 1304 2140 “Ecquid
1328 2052 1419 2124 hebet

273 2166 363 2226 homo
385 2166 441 2225 iste
466 2163 541 2224 aceti
566 2163 598 2226 iu
620 2163 759 2244 pectore?
792 2164 852 2222 Gn.
873 2166 975 2244 Atque
996 2164 1183 2228 addimmiss’
1223 2166 1333 2228 Bacch.
1351 2176 1419 2236 370.

275 2279 394 2339 “Nunc
413 2278 555 2358 experiar,
575 2278 652 2337 sitne
670 2285 780 2337 acetum
799 2277 855 2337 tibi
873 2298 924 2340 eor
940 2298 1006 2338 ecre
1025 2278 1058 2338 iu
1075 2281 1220 2357 pectore”
1260 2282 1337 2340 Cum
1351 2283 1418 2364 qui-

274 2397 331 2454 bus
343 2392 416 2453 locis
434 2393 548 2452 confert
563 2391 650 2450 Psu:
671 2390 746 2449 Hor.
765 2389 828 2449 Set.
843 2390 868 2449 Ι.
882 2410 940 2451 vn.
956 2400 1003 2452 32.
1043 2397 1063 2427 “
1072 2391 1148 2450 italo
1161 2392 1301 2471 perfusus
1316 2398 1419 2456 ooei0.''

273 2520 305 2568 et
325 2508 421 2568 simili

328 2701 395 2754 423.
443 2681 771 2776 Muuuiestarium]
826 2692 961 2774 caught
984 2693 1023 2755 in
1047 2694 1102 2756 tie
1125 2700 1187 2757 act.
1250 2699 1313 2758 ”In
1334 2701 1416 2759 furto

273 2817 522 2898 deprehensum.“
560 2816 638 2875 Con.
660 2815 720 2876 Mo.
759 2816 831 2878 viu
853 2818 937 2878 Meu.
960 2817 1026 2878 462.
1073 2817 1124 2878 Sic
1152 2828 1183 2879 et
1213 2818 1319 2878 Bacch.
1350 2825 1417 2880 881.

273 2929 497 2990 “obtruncaret
516 2927 666 2997 moeehum
688 2926 953 3006 moffesiariosm”
991 2928 1075 2988 'Prin
1089 2927 1155 2988 861.
1196 2928 1326 2988 “Teneo
1338 2927 1419 2988 huno

270 3041 533 3122 mnsgfesiorinm.’'

328 3236 394 3289 424.
441 3216 612 3322 Edepol]
677 3231 725 3292 ne
747 3229 804 3290 noc
824 3229 1029 3309 jucundo,
1049 3239 1081 3290 et
1101 3229 1199 3291 mnu
1238 3229 1316 3289 vue
1336 3229 1417 3289 uon.

275 3357 339 3411 130.
360 3351 399 3412 e.

324 3520 391 3573 425.
438 3499 703 3595 Menubrium.]
770 3511 918 3587 Hoodic,
950 3510 1033 3594 isofi.
1096 3515 1147 3577 sic
1169 3516 1284 3577 dictum
1312 3514 1415 3597 ''qsod

270 3657 356 3698 mono
378 3645 540 3698 teneatur.“
578 3638 682 3708 Verre,
702 3637 769 3697 Lib.
783 3636 824 3697 V.
838 3644 864 3697 8.
904 3634 963 3695 h.l.
984 3636 1294 3716 ''opportunitatem“
1320 3635 1417 3696 Gioss.

271 3752 347 3812 cod.
371 3753 412 3813 Η.
429 3753 457 3815 6.
496 3753 644 3812 Nonnihil
664 3753 715 3814 hio
734 3753 818 3814 iocus
838 3752 992 3813 conflrmut
1011 3752 1170 3813 lectionem
1196 3771 1286 3831 quom
1305 3771 1343 3812 ex
1364 3771 1417 3830 pe·

269 3865 420 3945 iimpsesto
439 3865 590 3926 revocavit
608 3864 735 3924 Bomius
748 3865 788 3925 sd
803 3863 892 3944 Epid.
905 3862 973 3924 516.
1012 3837 1033 3900 ‘i
1040 3863 1186 3924 Melicum
1200 3864 1411 3943 sapientiorem

271 3975 334 4036 vidi
354 3997 470 4038 excusso
489 3977 664 4037 manubrio.”
704 3977 782 4036 Nom
802 3996 872 4036 cum
897 3976 966 4037 viiio
986 3976 1033 4048 sit,
1055 3986 1086 4036 et
1104 3997 1242 4056 nequam,
1260 3987 1327 4038 tum
1342 3949 1416 4036 mni·¹

269 4089 342 4162 leus,
368 4101 434 4154 tum
454 4091 536 4154 eliud
556 4089 683 4170 quodvis
703 4089 942 4160 instrumentum,
964 4086 1114 4149 musitio
1130 4086 1254 4160 uiuo,
1273 4087 1345 4149 hine
1364 4107 1417 4148 na-

269 4213 335 4266 tum
355 4215 401 4266 est
419 4204 559 4284 adagium
582 4204 621 4268 ds
642 4224 703 4283 quo
721 4222 801 4266 uuuo
822 4202 932 4283 egitur,
962 4213 994 4264 et
1023 4202 1083 4264 hnc
1104 4201 1192 4263 unice
1211 4201 1342 4281 pertinet
1367 4201 1416 4280 jo·

269 4334 323 4375 ons
344 4314 376 4373 in
395 4314 461 4376 ioco
481 4317 579 4387 citato,
609 4317 662 4395 qui
685 4315 792 4375 ironice
812 4315 974 4376 sumendus
994 4326 1048 4376 est
1102 4316 1184 4377 Hine
1207 4315 1300 4395 igitur
1320 4323 1420 4376 ortum
