3250 5217
620 650 928 718 AULULARIA.

277 844 357 921 Nec
381 858 519 924 mutam
541 847 697 945 profecto

278 972 472 1068 Repertam
498 972 608 1045 ullam
635 998 710 1049 esse
736 971 844 1047 bodie
868 974 995 1050 dieunt
1018 974 1206 1050 mulierem
1226 976 1303 1053 ullo
1326 978 1366 1053 in

426 1096 554 1169 seculo.

276 1218 415 1293 Verum
440 1220 517 1306 hoo,
543 1220 662 1303 frater,
686 1245 798 1294 unum
825 1231 946 1293 tamen
969 1221 1136 1319 cogitato,

277 1343 366 1419 Tibi
388 1372 596 1443 proxumam
622 1372 678 1420 me
704 1344 865 1443 mihique
887 1348 976 1419 item
1002 1372 1077 1421 esre
1103 1361 1162 1422 te:

276 1469 336 1543 Ut
359 1496 494 1568 aequom
512 1483 576 1557 est,
600 1472 695 1568 quod
711 1473 749 1543 in
767 1497 841 1545 rem
863 1498 937 1545 esse
954 1474 1098 1570 utrique
1117 1476 1339 1561 arbitremur,

275 1600 331 1673 Et
355 1600 445 1674 mihi
471 1613 518 1687 te,
545 1615 581 1676 et
607 1604 674 1675 tibi
699 1628 768 1687 me,
794 1602 974 1676 consulere
999 1614 1039 1677 et
1059 1627 1212 1689 mouere,
1326 1622 1362 1685 91

276 1720 405 1820 Neque
421 1725 461 1797 id
478 1726 655 1799 oecultum
674 1722 808 1811 haberi,
834 1751 949 1823 neque
967 1752 1030 1823 per
1049 1738 1185 1801 metum
1202 1730 1364 1816 mussan,

275 1847 378 1935 Quin
398 1853 606 1949 participem
632 1854 764 1949 pariter
789 1878 855 1950 ego
878 1864 915 1927 te
937 1864 977 1926 et
999 1865 1043 1927 tu
1066 1879 1124 1928 me
1148 1868 1191 1929 ut
1213 1851 1331 1930 facias.

277 1973 335 2047 Εο
357 2001 452 2049 nune
477 2002 542 2072 ego
566 1988 699 2051 secreto
724 1989 761 2051 te
785 1976 857 2051 hue
879 1978 971 2051 foras
997 1980 1133 2066 seduxi,

274 2095 334 2170 Ut
354 2110 453 2201 tuam
479 2125 553 2173 rem
579 2127 645 2199 ego
669 2113 787 2175 tecum
813 2100 873 2174 hie
896 2101 1056 2198 loquerer
1080 2102 1301 2179 familiarem.
1326 2123 1363 2185 95

177 2218 263 2295 ΜΕ.
277 2223 341 2297 Da
352 2224 452 2311 mihi,
471 2237 617 2323 optuma
629 2225 785 2312 foemina,
799 2250 959 2300 manum.

543 2351 621 2423 Eu.
638 2352 717 2426 Ubi
730 2376 771 2425 ea
782 2355 862 2425 est?
882 2354 961 2448 quis
973 2379 1014 2427 ea
1026 2366 1080 2428 est
1092 2380 1176 2450 nam
1189 2358 1363 2452 optuma?

177 2468 262 2545 ΜΕ.
274 2472 345 2545 Tu.

286 2580 287 2585 ¹
349 2596 426 2691 Eu.
453 2597 559 2672 Tune
575 2600 652 2672 ais?

546 2722 632 2797 ΜΕ.
658 2725 696 2797 si
714 2751 834 2823 negor,
850 2753 951 2824 nego.

676 2854 752 2925 Eu.
770 2852 892 2927 Decet
907 2854 1071 2951 equidem
1086 2880 1168 2928 vera
1181 2854 1362 2953 proloqui:

277 2971 372 3045 Nam
390 2986 537 3071 optuma
551 2977 650 3049 nulla
667 2990 784 3075 potest
802 2978 908 3075 eligi3
936 2979 1006 3052 alia
1023 2979 1094 3052 alia
1110 2983 1219 3077 pejor,
1242 2978 1362 3066 frater,

423 3113 486 3175 est.

177 3242 260 3313 ΜΕ.
275 3240 377 3315 Idem
404 3267 469 3338 ego
492 3244 651 3327 arbitror,
677 3269 742 3316 nee
768 3245 837 3316 tibi
862 3245 1038 3317 advorsari

221 3487 253 3513 vv.
267 3476 296 3521 ὥ,
309 3475 338 3520 87.
362 3474 389 3513 In
400 3473 479 3522 seriptis
491 3472 513 3511 hi
524 3482 594 3511 versus
603 3471 722 3511 dividuntur
733 3472 787 3510 inter
799 3472 860 3511 verba
869 3482 910 3511 em
921 3476 943 3512 et
954 3472 1033 3512 Hodie:
1045 3473 1123 3512 reveri
1134 3471 1226 3511 ordinem
1237 3480 1299 3521 quem
1310 3471 1362 3511 olim

174 3538 267 3577 exhibuit
279 3537 391 3577 Boe-dd
404 3538 431 3577 In
444 3540 531 3585 quatuor
543 3535 597 3573 Mer.
610 3534 683 3583 legitur
693 3536 729 3573 bor
740 3537 807 3574 tornea
816 3545 888 3582 unum,
894 3536 928 3585 fr.
940 3537 1057 3586 uoq-00.
1073 3537 1105 3583 Ut,
1117 3536 1147 3574 rie
1155 3536 1210 3575 Mau
1224 3536 1266 3575 Bo:
1276 3535 1362 3575 itu-—

85 3594 89 3615 '
173 3604 204 3641 92.
217 3602 310 3649 Quinque
324 3602 386 3641 codd.
399 3600 476 3639 habent
487 3600 555 3647 Neque
565 3608 605 3638 oco.
617 3598 721 3637 tu--m
734 3599 820 3637 verbmn
834 3603 865 3645 ut,
877 3600 932 3648 quod
942 3600 1019 3639 hnomt
1029 3609 1103 3639 omnes
1111 3599 1175 3640 codd
1186 3601 1243 3639 abest
1252 3610 1266 3639 a
1277 3600 1362 3639 Bu·-

174 3666 203 3703 96.
213 3663 237 3701 B.
245 3662 485 3710 emanaturam—ot.
495 3661 528 3700 Ita
535 3660 596 3699 codd
605 3659 647 3699 Bo:
654 3670 710 3699 man.
719 3660 896 3708 optfltm--bz
904 3661 1001 3708 mutam,
1009 3661 1043 3700 Iu
1049 3665 1097 3701 orto
1103 3661 1166 3700 codd,
1174 3660 1246 3709 nomi,
1253 3665 1275 3700 et
1282 3661 1309 3701 V.
1317 3663 1335 3699 1.
1341 3662 1361 3699 2.

175 3726 225 3765 hine
239 3728 284 3764 orta
299 3728 329 3764 ert
346 3725 409 3763 etiam
423 3725 522 3763 librorum
534 3723 601 3767 lectio,
621 3724 680 3761 necet
694 3725 718 3760 te
730 3722 817 3770 quidem.
841 3721 895 3761 Vide
906 3724 963 3773 gion
978 3722 1004 3763 V.
1016 3726 1034 3763 a
1048 3724 1108 3763 neta
1122 3720 1285 3773 quidm—w
1297 3724 1363 3771 potat

174 3790 234 3837 αἱρῇ·
252 3787 285 3828 Iu
297 3798 367 3826 omnes
382 3786 443 3827 codd.
468 3787 511 3825 Bo:
523 3788 547 3825 el.
561 3788 606 3835 pot.
628 3785 729 3823 Ceterum
743 3783 765 3822 hi
778 3795 846 3826 vernn
860 3786 920 3825 aliter
932 3786 956 3824 in
969 3787 1025 3825 Mes.
1041 3786 1168 3834 mumanae,
1182 3786 1282 3835 equidem
1297 3797 1317 3823 v.
1328 3787 1360 3831 93,

175 3852 271 3894 adverba
285 3852 323 3890 Ubi
333 3860 357 3890 eo
367 3854 401 3896 ert,
414 3851 547 3895 taurinatum
557 3850 614 3894 ubl,
628 3847 654 3887 ad
664 3857 727 3897 utqor
739 3849 797 3895 ΕΜ,
810 3848 836 3888 ud
846 3850 905 3898 altpt.-
918 3861 937 3889 v.
946 3851 975 3897 99,
988 3850 1060 3889 ednoe
1071 3850 1121 3892 trbt'r
1133 3860 1153 3889 v.
1162 3851 1203 3897 10⁰,
1214 3848 1241 3889 nd
1251 3850 1303 3898 quid
1313 3850 1361 3889 vir?

216 4069 263 4139 96.
305 4065 378 4131 Quis
392 4086 425 4124 ea
444 4086 510 4124 nam
525 4074 565 4123 ert
580 4062 742 4143 optumai]
792 4084 855 4123 esse
882 4064 1034 4143 pessimas.
1072 4067 1182 4125 Confer
1206 4066 1271 4125 Mil.
1292 4067 1359 4129 68³.

178 4166 284 4235 ‘Who„
306 4178 391 4241 play,
419 4160 444 4219 is
472 4158 530 4219 thir
553 4158 612 4216 best
636 4157 742 4236 ‹psaro-
793 4178 837 4236 sq.

177 4280 248 4331 mett,
266 4279 329 4337 you
344 4256 436 4336 speak
453 4256 514 4314 Of?
548 4252 691 4364 Yulgmis
709 4274 743 4311 ea
793 4314 809 4335 “
822 4310 887 4358 Nam
902 4311 966 4358 bona
983 4324 1049 4368 uxor,
1065 4305 1086 4359 ei
1099 4326 1129 4360 ea
1145 4310 1239 4372 quidem
1256 4314 1359 4364 deductu

176 4354 258 4434 apud
278 4354 413 4413 Comicus
432 4352 619 4411 inrfoemrnas
639 4362 743 4409 contu-
849 4392 993 4444 estnequam
1003 4382 1117 4442 gentium,

177 4448 273 4518 melia,
294 4446 473 4507 asseveratio
486 4444 628 4503 nimirum
642 4462 742 4503 omnes
823 4459 871 4507 Ubi
881 4474 933 4507 eam
943 4458 1044 4517 possiem
1054 4458 1190 4511 inveniret”

277 4564 294 4612 3
