3250 5217
697 682 952 733 rnmrnrro.
1335 654 1384 733 rii

263 856 550 959 diligentiaque
584 858 706 933 debeo
737 858 896 933 Thomae
929 856 1095 957 Wright‚
1133 857 1250 959 hujus
1283 854 1381 933 Aca·

264 988 399 1064 demiae
422 988 523 1061 inter
548 988 702 1086 optimae
727 988 811 1087 spei
838 987 1026 1073 alumnos,
1052 988 1161 1062 nulla
1185 1013 1262 1063 non
1289 987 1382 1063 libe-

264 1122 337 1196 rali
368 1120 448 1197 arte
474 1122 626 1210 imbuti,
657 1121 852 1197 nullarum
878 1147 955 1197 uon
983 1118 1198 1198 litterarum
1227 1099 1384 1199 cultoris

264 1256 576 1353 ingeniosissimi:
630 1248 781 1330 Horum
826 1280 915 1330 vero
962 1252 1163 1345 Codicum,
1202 1257 1385 1358 temporis

263 1390 464 1487 angustiis,
498 1388 691 1488 rebusque
724 1388 874 1476 alienis
906 1390 964 1479 (ut
997 1385 1043 1462 fit
1076 1388 1116 1462 in
1147 1389 1243 1464 urbe
1277 1414 1384 1489 pere-

263 1520 373 1619 grina
409 1520 597 1621 visenda)
633 1522 847 1622 praeclusus
887 1546 1004 1609 eram,
1042 1547 1092 1596 ne
1131 1518 1206 1597 nisi
1242 1524 1385 1597 cursim

264 1656 519 1732 evolutionem
549 1655 728 1731 iacerem.
781 1654 895 1741 Quod
929 1655 1048 1753 potui,
1085 1667 1304 1731 accuratam
1331 1655 1384 1729 lo-

263 1816 394 1868 corum
442 1791 612 1867 maxime
654 1800 880 1864 vexatorum
921 1785 1213 1887 inquisitionem
1256 1789 1385 1878 habui,

264 1937 302 2001 et
335 1912 384 1999 eri
412 1922 474 1998 his
496 1922 620 1998 tribus
644 1920 853 1997 Codicibus
883 1920 933 1996 ad
956 1944 1021 1995 eos
1047 1931 1196 1996 tantum
1219 1921 1385 2021 compla-

265 2056 413 2131 nandos
439 2055 587 2131 auxilia
615 2078 716 2128 nova
745 2053 929 2153 expetivi.
982 2052 1024 2128 si
1050 2054 1145 2152 quid
1178 2055 1269 2131 inde
1300 2080 1385 2155 pro-

265 2188 433 2279 fecerim,
474 2187 631 2265 videant
676 2185 830 2286 judicia
874 2186 1112 2278 elimatiora3
1155 2211 1217 2261 me
1258 2200 1387 2265 tamen

264 2321 412 2395 interea
443 2319 564 2420 pudet
602 2316 853 2417 poenitetque,
891 2316 995 2415 quod
1031 2341 1107 2391 non
1139 2316 1226 2414 plus
1247 2343 1388 2418 ⁴operae

265 2455 312 2530 iis
342 2452 480 2529 studiis
513 2473 674 2552 peregre
703 2448 935 2537 navaverim,
968 2448 1071 2524 unde
1100 2448 1205 2525 domi
1233 2461 1274 2524 et
1301 2475 1387 2525 nos-

268 2600 347 2683 tras
387 2587 534 2662 litteras
578 2608 719 2682 augere
761 2584 985 2683 potuissem,
1034 2594 1075 2657 et
1117 2584 1166 2657 ad
1205 2584 1390 2660 Veterum
1465 2588 1467 2591 ⁴

267 2718 508 2817 Scriptorum
551 2712 873 2798 emendationem,
917 2711 1141 2787 Germanici
1188 2715 1388 2803 acuminis,

267 2848 508 2925 Germanica
552 2846 751 2921 industriae
791 2846 1025 2946 exemplum,
1075 2844 1212 2921 hausto
1258 2873 1389 2923 eorum

181 3079 184 3085 Ι
267 2985 364 3061 coelo
386 3008 456 3083 per
482 2980 642 3057 duorum
671 2982 834 3057 triumve
858 2982 1047 3056 mensium
1072 2982 1253 3081 spatium,
1280 2982 1388 3058 exhi-

191 3218 194 3225 ἱ
268 3118 449 3193 buissem.

344 3380 466 3467 Quod
486 3379 535 3475 ad
558 3378 695 3453 Libros
720 3380 857 3454 Editos
884 3379 1061 3477 pertinet,
1083 3374 1225 3477 quibus
1251 3381 1290 3453 in
1317 3381 1390 3456 hac

269 3513 402 3588 fabula
431 3512 519 3612 plus
544 3514 719 3587 minusve
746 3536 840 3587 usus
869 3512 954 3599 sim,
985 3536 1062 3585 non
1092 3523 1151 3586 est
1178 3536 1246 3586 cur
1272 3513 1393 3588 multa

270 3644 445 3733 referam,
486 3644 585 3719 cum'
613 3671 739 3744 neque
772 3646 902 3732 semel,
948 3645 1076 3733 credo,
1118 3647 1202 3720 sine
1238 3646 1392 3722 nomine

271 3782 311 3853 in
335 3780 396 3854 his
422 3780 574 3880 paginis
602 3806 733 3855 eorum
761 3781 969 3857 auctoritas
999 3782 1238 3869 adhibeatur,
1268 3793 1307 3856 et
1331 3782 1392 3855 vel

271 3914 427 3989 aliunde
453 3913 500 4005 (si
523 3916 612 4015 quis
639 3914 760 4013 velit)
788 3917 946 4016 copiosa
969 3916 1062 3990 satis
1090 3940 1221 3990 eorum
1250 3939 1391 3989 memo-

154 4140 158 4151 ,
270 4028 368 4121 ratio
389 4058 601 4146 expetatur.
647 4038 832 4123 Bothium
849 4046 1007 4147 quidem
1029 4069 1125 4133 sum,
1149 4056 1192 4120 ut
1209 4046 1249 4118 in
1267 4046 1393 4146 priore

271 4182 415 4269 fabula,
458 4182 686 4281 plerumque
718 4195 884 4269 secutus,
928 4180 1020 4280 quia
1054 4168 1393 4278 praestantissimus

271 4312 394 4417 usque
417 4310 557 4405 adhuc,
579 4316 671 4391 licet
696 4310 799 4391 certe
823 4314 1101 4390 audacissimus
1121 4311 1236 4400 idern,
1261 4310 1393 4385 Plauti

273 4449 477 4527 Editorum
506 4450 602 4526 mihi
626 4450 731 4525 visus
761 4459 831 4523 est.
885 4447 963 4523 Sed
992 4457 1153 4521 caveant
1182 4444 1249 4542 qui
1278 4442 1393 4543 hujus
