3250 5217
273 597 339 659 102
687 593 736 657 M.
762 595 805 657 A.
832 592 1017 658 PLAUTI

269 791 344 865 En.
369 794 452 865 Jam
481 791 623 889 quidem
650 790 766 866 herole
796 803 833 866 te
859 793 904 866 ad
933 802 1116 888 pretorem
1148 789 1294 887 rapiam,
1320 797 1357 861 et
1382 787 1450 861 tibi

513 917 661 989 scribam
687 916 812 1003 diram,

365 1039 450 1114 Nisi
465 1039 593 1114 refers!

513 1164 591 1240 LY.
618 1166 721 1253 Quid
738 1166 805 1240 tibi
821 1191 886 1262 ego
902 1162 1074 1237 reseram?

833 1388 835 1390 Ι
885 1287 961 1363 EU.
976 1288 1085 1375 Quod
1102 1286 1302 1383 surripuisti
1319 1306 1449 1356 meum.

270 1421 344 1491 LY.
363 1417 526 1515 Surripui
543 1442 609 1513 ego
622 1418 748 1489 tuom?
764 1415 888 1489 unde?
907 1426 970 1487 aut
987 1413 1072 1510 quid
1089 1411 1128 1486 id
1142 1415 1223 1485 est?

593 1544 609 1573 ⁰
917 1539 993 1612 En.
1013 1538 1073 1612 Ita
1090 1550 1127 1611 te
1143 1537 1276 1609 amabit
1293 1534 1449 1631 Jupiter,

366 1668 425 1741 Ut
442 1679 483 1740 tu
501 1666 634 1738 neseis!

499 1790 578 1861 LY.
597 1790 680 1862 Nisi
698 1789 842 1886 quidem
859 1800 901 1862 tu
918 1786 1021 1875 mihi,
1042 1787 1128 1884 quid
1145 1811 1288 1883 quaeras,
1306 1783 1448 1856 dixeris.

268 1917 343 1988 Eu
367 1915 504 1987 Aulam
528 1914 615 1995 auri,
638 1914 794 2009 inquam,
822 1924 858 1985 te
883 1937 1035 2008 reposco,
1063 1936 1168 2007 quam
1195 1921 1237 1983 tu
1262 1906 1449 1981 confessu’s

513 2036 613 2121 mihi,
954 2098 958 2107 .
1392 2045 1449 2104 rao

365 2166 421 2240 Te
438 2164 636 2238 abstulisse.
771 2261 773 2266 Ι

565 2291 638 2361 LY.
657 2289 785 2385 Neque
802 2286 926 2384 edepol
943 2313 1009 2385 ego
1025 2288 1113 2373 dixi,
1128 2312 1242 2383 neque
1260 2284 1337 2358 feoi.

1206 2410 1281 2483 Eu.
1299 2407 1447 2507 Negas?

266 2540 344 2614 ΙΝ.
366 2541 529 2637 Pernego
572 2540 667 2611 imo:
717 2563 870 2635 namque
906 2564 972 2637 ego
1018 2564 1155 2625 aurum,
1200 2562 1314 2634 neque
1353 2537 1449 2609 istaeo

512 2666 593 2738 aula
623 2691 700 2762 quae
726 2667 806 2749 siet,

366 2789 445 2863 Soio
459 2815 524 2862 neo
540 2790 632 2862 novi.

462 2915 537 2987 Eu,
557 2914 675 2997 Illam,
697 2939 742 2985 ex
755 2912 891 2986 Silvani
904 2914 984 2987 luoo
1002 2937 1106 3011 quam
1124 2912 1329 2996 abstuleras,
1347 2909 1448 2983 oedo!

364 3041 395 3126 I,
419 3039 528 3113 refer!
554 3040 738 3113 dimidiam
765 3050 882 3112 tecum
905 3040 1024 3136 potius
1049 3052 1185 3137 partem
1209 3036 1376 3111 dividam.

309 3246 342 3274 vv.
354 3232 413 3295 7107.
438 3234 565 3283 Transporite
583 3232 606 3272 hi
622 3244 691 3273 vernis
707 3235 761 3285 apud
780 3244 852 3275 ornnes
867 3234 952 3276 Nostros
967 3236 1036 3276 codd:
1055 3236 1161 3286 legentum
1180 3242 1240 3284 reete,
1260 3237 1376 3277 Acidalium
1395 3245 1451 3274 sem-

262 3294 302 3346 im,
319 3299 341 3337 in
353 3299 445 3338 ordinem
460 3297 562 3336 revocavit
575 3296 698 3343 lio—717.
717 3297 756 3338 Bo:
768 3309 795 3337 ex
808 3294 858 3338 cod.
872 3300 995 3346 Monaoensi,
1009 3302 1063 3349 quod
1074 3300 1111 3339 tior·
1121 3302 1176 3340 rubr.
1191 3300 1273 3340 etfacit
1288 3310 1367 3339 versum
1381 3298 1450 3338 neseio

262 3373 324 3411 quem
336 3363 486 3411 marlotum
500 3360 553 3400 inest
565 3365 587 3400 et
601 3361 644 3407 tiir',
660 3359 764 3402 eontraot'e
778 3363 883 3412 seriphum,
900 3363 922 3401 in
936 3375 979 3403 uno
994 3364 1063 3404 Nostr.
1077 3365 1103 3403 Η.
1113 3368 1130 3403 3.
1148 3367 1203 3405 abest
1215 3366 1242 3404 ab
1254 3365 1349 3403 omnibus
1360 3362 1449 3411 reliquis,

262 3429 284 3464 st
298 3426 366 3464 multo
381 3420 454 3463 mellus
466 3424 536 3472 judico
548 3425 622 3470 abere,
637 3419 692 3472 quod
708 3426 741 3464 vel
756 3437 825 3465 versus
842 3436 926 3475 sequens
941 3425 1050 3468 convincit.
1074 3429 1148 3468 carent
1163 3428 1224 3467 etiam
1241 3426 1290 3467 Edd.
1305 3427 1449 3471 vat-rm.

263 3488 365 3537 Sumptis·
381 3498 416 3537 mo
432 3489 493 3534 tuom,
515 3488 555 3536 (vel
567 3487 640 3533 musal
657 3494 728 3527 omnes
742 3488 810 3528 Nostr.
822 3490 972 3534 codo—720.
987 3491 1094 3539 Confessus
1104 3501 1129 3538 α,
1143 3490 1170 3529 Η.
1180 3492 1196 3529 1.
1211 3491 1233 3529 Β.
1243 3492 1263 3530 1).
1289 3491 1400 3541 Comum,
1421 3499 1452 3527 re·

261 3549 320 3600 liqui.
346 3549 462 3599 comatur,
480 3550 556 3595 Hans,
573 3560 634 3597 quem
650 3552 816 3598 sequor—721.
837 3552 881 3601 1190
896 3553 969 3600 edepol,
988 3557 1075 3601 quatuor
1092 3552 1159 3591 Nostr.
1178 3562 1242 3599 aemio
1256 3553 1293 3599 pol
1308 3561 1349 3600 mo,
1367 3551 1389 3589 c.
1408 3559 1449 3598 mo.

262 3617 319 3655 abest
330 3626 343 3653 a
353 3618 440 3662 quatuor
451 3612 518 3652 Nosti.
539 3612 620 3661 Reliqui
632 3624 675 3660 neq.
688 3614 718 3652 ed.
731 3625 759 3663 m.
772 3616 819 3654 Ald.
837 3620 859 3655 et
874 3615 940 3653 Parin.
954 3626 1017 3663 neque
1033 3616 1055 3655 id
1068 3616 1239 3664 cadmei—722.
1267 3614 1329 3653 Varie
1344 3613 1366 3651 in
1384 3612 1447 3651 codd.

262 3678 349 3727 iegitur,
363 3680 441 3725 septem
455 3674 524 3715 Nostri
540 3676 590 3715 dant
604 3673 698 3723 Naamuo
712 3688 746 3726 mo
756 3687 804 3717 aur.
830 3679 852 3715 0.
869 3688 918 3717 num
929 3688 968 3727 mo,
981 3678 1055 3717 omisso
1067 3689 1142 3727 nomio:
1156 3690 1170 3717 a
1183 3682 1271 3726 quatuor
1285 3676 1342 3716 abest
1356 3686 1411 3735 num,
1428 3679 1450 3713 et

262 3748 325 3787 noque
341 3748 377 3787 per
393 3748 414 3775 se
430 3736 515 3785 legion,
533 3736 588 3774 unde
608 3736 682 3785 colligo
703 3737 790 3776 nitemur
810 3738 939 3785 ejiciendum.
964 3740 1006 3779 Bo:
1021 3750 1071 3778 nam
1087 3739 1261 3788 nequa-Prior
1275 3738 1320 3787 mli,
1333 3744 1377 3771 του
1390 3737 1449 3775 irtoet

261 3803 377 3852 eorripiurr,
390 3800 445 3849 quod
457 3801 518 3839 leniit
530 3800 634 3845 Bothium
652 3801 706 3839 unde
717 3811 767 3839 vers
780 3807 867 3850 ssynart
880 3803 953 3851 quibus
964 3802 1022 3841 valdo
1032 3803 1113 3851 gaudet,
1129 3808 1206 3843 temere
1220 3814 1247 3843 ex
1258 3803 1337 3852 optimo
1347 3799 1451 3840 monheim

260 3865 424 3910 edbdt-m
437 3864 478 3902 Pro
489 3864 538 3903 eodo
548 3863 584 3902 dat
594 3863 616 3909 0,
628 3864 701 3904 oredo.-
715 3862 763 3902 viu
777 3865 861 3913 Argum.
875 3865 937 3914 prius,
950 3876 969 3903 v.
983 3865 1011 3903 m.

303 3999 369 4064 716.
396 3996 528 4070 Scribam
538 3995 661 4073 dicum]
675 3994 831 4076 Γράψομαι
921 4005 987 4063 724.
1020 3996 1177 4057 Dimidium
1187 3997 1331 4076 partem]
1352 3997 1450 4073 Supra

262 4094 343 4163 δίκην.
366 4092 456 4150 ‘Will
466 4102 550 4150 enter
560 4110 598 4149 an
608 4087 706 4148 ao'tion
716 4090 832 4167 against
881 4100 947 4157 247.
969 4092 1065 4149 Gloss.
1106 4093 1174 4151 Hoc
1193 4091 1259 4150 loco
1278 4103 1332 4160 est,
1351 4090 1448 4147 Dimi-

264 4191 341 4266 you’
369 4188 436 4246 Ter.
447 4186 567 4244 Phorm.
581 4185 605 4242 Ι.
618 4204 654 4243 11.
665 4193 712 4250 77.
734 4184 831 4261 “Ego
881 4187 961 4245 diam
974 4188 1395 4266 potiuspartemtotiusauri,
1416 4187 1448 4243 in

263 4295 293 4342 te
307 4294 465 4359 cognatum
479 4280 586 4350 dicam,
600 4291 630 4339 et
643 4279 695 4339 tibi
707 4278 831 4339 scribam
880 4278 954 4339 duas
981 4291 1079 4358 partes
1106 4280 1233 4360 aeqnale's
1260 4280 1357 4349 divisi,
1390 4280 1446 4338 tibi

262 4377 383 4436 dicum.'’
404 4376 432 4433 h.
443 4397 467 4433 e.
488 4386 518 4434 te
533 4375 625 4452 injus
638 4376 758 4433 vocabo.
881 4373 967 4432 dabo.
1007 4376 1109 4433 Lama.
