3250 5217
674 526 722 587 M.
748 524 789 586 Α.
817 522 1001 586 PLAUTI

348 724 479 796 Filiam
507 723 700 820 despondi;
726 721 833 795 hodie
858 747 923 818 ego
948 719 1032 793 huic
1057 730 1211 817 nuptum
1238 717 1432 817 Megadoro

494 847 595 919 dabo.

247 970 311 1042 ST.
345 970 414 1041 Dii
431 973 520 1043 bene
538 972 697 1043 vortant!
724 968 863 1042 Verum
881 978 1014 1040 ecastor
1030 992 1100 1079 non
1118 976 1255 1063 potest:
1273 966 1431 1039 subitum

491 1108 545 1169 est
561 1095 677 1169 nimis.

246 1222 321 1295 Eu,
346 1222 441 1295 Tace
458 1239 566 1319 atque
589 1223 666 1295 abi!
694 1218 830 1294 Curata
847 1220 903 1294 fac
925 1220 1009 1304 sint,
1032 1244 1137 1316 quom
1159 1245 1181 1291 a
1200 1217 1273 1291 foro
1290 1217 1431 1290 redeam

490 1350 646 1433 domum,
1373 1359 1431 1420 229

343 1473 470 1571 Atque
485 1472 628 1545 occlude
645 1472 735 1544 aedes
750 1474 756 1539 l
782 1471 865 1542 Jam
881 1494 947 1566 ego
964 1466 1023 1541 hic
1040 1492 1108 1540 ero.

910 1593 973 1665 ST.
992 1592 1095 1679 Quid
1110 1617 1175 1690 ego
1190 1617 1285 1664 nunc
1300 1594 1430 1687 agam?

343 1722 453 1794 Nunc
486 1721 587 1792 nobis
620 1745 727 1817 prope
761 1719 862 1791 adest
895 1714 1059 1801 exitium,
1098 1717 1149 1787 mi
1185 1726 1292 1811 atque
1325 1713 1430 1787 herili

493 1844 595 1916 filiae:

344 1970 438 2044 Nam
474 1971 637 2067 probrum
673 1980 781 2065 atque
812 1965 994 2064 partitudo
1023 1991 1130 2064 prope
1162 1966 1261 2038 adest
1296 1976 1338 2036 ut
1368 1966 1431 2035 fiat

489 2094 629 2191 palan1;
804 2095 807 2099 ’

343 2218 452 2303 Quod
470 2219 623 2292 celatum
641 2228 748 2314 atque
765 2216 981 2290 occultatum
997 2226 1050 2288 est
1065 2239 1177 2310 usque
1192 2212 1318 2298 adhuc,
1337 2237 1431 2285 nuno

490 2367 559 2413 non
578 2353 707 2439 potest.

345 2466 411 2539 Ibo
437 2467 550 2538 intro:
577 2477 630 2551 ut,
656 2464 762 2539 herus
788 2491 866 2561 quae
891 2466 1089 2563 imperavit,
1116 2461 1220 2547 facta,
1242 2487 1347 2557 quom
1374 2486 1432 2533 ve·

494 2590 582 2675 niat,
608 2591 711 2662 sient.

344 2715 441 2788 Nam
465 2726 599 2789 ecastor
622 2715 757 2788 malum
780 2740 962 2787 moerorem
987 2726 1107 2787 metuo
1132 2740 1177 2787 ne
1201 2714 1355 2785 mixtum
1378 2712 1432 2784 bi·

482 2843 592 2914 'bamt
1374 2854 1430 2906 aas

290 3024 309 3051 v.
322 3014 362 3059 227.
388 3015 454 3054 Hodie
463 3024 497 3063 epo
508 3015 557 3053 ruia
568 3016 626 3063 nupt.
651 3014 684 3053 Ita
696 3014 732 3053 Ed.
744 3015 767 3054 P.
780 3025 852 3054 omnes
862 3016 933 3061 nostri,
946 3019 967 3053 et
977 3019 1017 3055 uas
1028 3013 1218 3053 vinna-cattam
1227 3023 1268 3053 crae
1278 3014 1330 3052 aaa.
1342 3014 1367 3051 Δ.
1377 3011 1403 3049 Η.
1413 3013 1430 3049 1.

245 3076 271 3115 R
286 3077 392 3115 1.-22,
404 3078 495 3123 Occlude,
510 3080 531 3115 et
538 3078 592 3125 jum,
604 3086 647 3115 non
658 3075 704 3115 elin
716 3088 758 3123 ero,
771 3077 836 3115 codd.
859 3078 901 3116 Bo:
912 3078 1068 3117 adera-ru.
1085 3076 1118 3116 Ita
1130 3076 1193 3115 Godd.
1206 3074 1246 3114 nist
1257 3075 1312 3124 quod
1323 3076 1383 3125 pauci
1397 3074 1432 3113 hn-

248 3141 309 3179 beant
323 3141 383 3179 atat.
402 3139 443 3178 Bo:
458 3150 523 3189 prope
538 3142 596 3179 aaut
613 3142 745 3179 noa—23&
759 3142 806 3179 Tres
822 3141 884 3180 codd.
902 3142 927 3179 Δ.
940 3141 967 3179 Η,
979 3142 1028 3180 a&
1046 3141 1243 3180 maetam—rat
1256 3140 1349 3188 Quinque
1368 3136 1430 3177 codd.

247 3200 326 3242 ceam,-
340 3200 412 3249 reliqui
425 3202 507 3244 ventam
521 3202 642 3241 rethorum
653 3212 713 3247 unus,
726 3201 753 3240 H.
766 3203 785 3245 2.
799 3212 810 3241 e
823 3213 861 3251 pro
871 3213 892 3248 a,
904 3203 967 3241 altera
978 3213 1042 3241 manu
1053 3202 1304 3251 mpereeripurm—sso.
1318 3203 1431 3246 rem,

247 3264 283 3301 Ed.
298 3263 322 3302 Ρ.
339 3275 411 3303 ornnes
427 3265 488 3304 Oodd.
504 3270 526 3304 et
540 3266 605 3304 nostri
617 3269 638 3303 et
651 3264 726 3304 Vindd.
746 3266 789 3304 Bo:
801 3276 891 3312 merore,
906 3270 952 3314 poet
967 3266 1057 3304 Gronov.
1074 3266 1109 3305 red
1123 3265 1175 3303 illud
1189 3268 1212 3303 et
1225 3273 1261 3313 per
1273 3275 1300 3310 se,
1315 3268 1337 3303 et
1350 3267 1431 3313 propter

247 3328 395 3374 auctoritatem,
408 3329 468 3377 longe
478 3329 551 3368 melius
560 3329 635 3377 judico.

285 3466 352 3519 228.
400 3458 466 3516 Non
506 3459 626 3537 potest]
680 3457 813 3517 Subaud.
864 3458 1015 3537 pleraeque
1050 3458 1131 3537 apud
1162 3457 1318 3527 Nostrum,
1355 3479 1381 3515 e.
1400 3478 1430 3535 g.

235 3553 321 3629 «fieri.
350 3550 471 3610 Alludit
483 3552 522 3609 ad
534 3552 732 3630 propinquam
745 3573 813 3630 par·
864 3553 953 3613 core.
968 3562 1004 3621 77
1012 3576 1022 3624 3
1044 3563 1089 3612 est
1107 3553 1264 3612 Multibiba
1284 3565 1315 3613 et
1327 3553 1431 3611 >Mero-

173 3686 175 3688 -
247 3648 406 3707 titudinem
420 3646 537 3723 puellae.
578 3646 676 3723 Supra
690 3646 736 3705 36.
865 3644 954 3713 biba·
990 3646 1082 3724 (Vide
1114 3646 1198 3704 Infra
1220 3649 1345 3725 308-93)
1379 3646 1431 3705 tali

863 3742 956 3820 igitur
975 3743 1021 3800 vel
1036 3762 1193 3800 moerorem
1213 3762 1342 3821 quoque,
1361 3741 1391 3799 h.
1405 3762 1430 3800 e.

824 3873 827 3879 ·
862 3838 1014 3907 damnum,
1028 3838 1150 3915 gravius
1163 3838 1298 3896 futurum
1313 3836 1430 3896 ridiculi

284 3967 325 3979 -
363 3931 478 3989 Malum
505 3949 648 3990 moerorem
669 3928 813 4009 mictum]
862 3934 958 4011 gratia
975 3934 1093 4002 dicitur,
1113 3932 1280 4002 simiarum,
1300 3932 1431 4009 quamsi

213 4028 215 4069 l
246 4038 256 4065 ‘
263 4028 279 4086 1
297 4030 359 4088 tear
375 4029 433 4087 lest
453 4030 467 4088 1
485 4028 560 4087 shall
577 4027 653 4085 have
673 4036 704 4084 to
723 4025 813 4084 drink
863 4049 969 4086 merum
988 4029 1030 4105 (h.
1045 4050 1071 4087 e.
1085 4048 1144 4086 non
1157 4029 1280 4087 mistum
1296 4048 1364 4087 cum
1377 4028 1430 4086 ali-

246 4123 297 4182 the
311 4142 370 4201 cup
383 4124 419 4181 of
430 4123 524 4182 mined
536 4123 714 4182 bitterness!
755 4121 813 4178 La-
864 4125 947 4201 quo,)
974 4125 1163 4183 subeundum
1193 4134 1271 4183 esset
1278 4146 1288 4194 3
1318 4134 1352 4183 ut
1382 4125 1431 4183 cui

224 4222 289 4281 'tet
307 4222 403 4300 jocus,
431 4222 482 4298 qui
508 4223 641 4299 Interpp.
666 4228 815 4297 quotquot
863 4218 967 4276 vinum
990 4239 1057 4278 cum
1081 4240 1159 4297 aqua
1179 4219 1307 4277 mixtum
1333 4219 1432 4275 minus

245 4318 306 4376 vidi
341 4316 454 4376 fefellit.
504 4320 590 4376 Anus
623 4317 696 4384 haec,
722 4310 815 4375 'sicut
863 4313 994 4391 placeret
1019 4334 1109 4391 quam
1136 4334 1250 4373 merum
1271 4334 1431 4373 meracum.

285 3801 352 3853 235.
373 3792 480 3871 Nona]
501 3791 676 3868 Emphatice
691 3791 813 3850 dictum.
