3250 5217
583 571 633 634 m
660 571 1007 636 Aurunnurmu.
1063 660 1067 666 Α
1290 575 1357 639 rm

212 773 294 817 remo
315 757 396 818 hunc
408 759 472 836 jam
487 761 720 838 perscrutati.”“
759 760 846 818 Idem
866 759 965 826 habet,
986 756 1118 826 eluctari,
1139 776 1196 835 pro
1212 757 1357 817 eluctatus

213 890 296 941 sum;
317 869 477 948 auspicavi,
498 891 553 949 pro
573 873 741 950 auspicatus
762 892 827 930 sum
837 895 846 941 ;
868 869 1013 949 aucupavi
1021 890 1035 934 ,·
1057 869 1196 950 dignaai;
1219 871 1271 928 &o

268 1046 334 1107 613·
384 1021 584 1132 socienno]
633 1022 839 1129 decemplice.
881 1053 966 1112 Socio
983 1024 1054 1122 tuo}
1080 1053 1205 1111 conscio.
1245 1052 1361 1138 Amph.

214 1181 280 1234 331.
322 1173 576 1252 “Amphitruonis
595 1172 781 1232 soeieauum.”
822 1171 904 1230 Non.
921 1173 992 1250 Cap.
1013 1172 1056 1230 II.
1075 1179 1141 1241 793.
1162 1171 1266 1250 (quem
1287 1172 1364 1231 citat.

215 1251 310 1366 illusa.
334 1281 407 1339 cod.
425 1281 465 1339 H.
481 1283 522 1360 6.)
564 1284 580 1304 ''
591 1281 735 1353 Samarra,
767 1302 823 1361 pro
853 1283 940 1341 socio.
982 1283 1105 1341 Plautus
1131 1283 1234 1341 Aulul.
1273 1290 1294 1316 “
1302 1281 1358 1341 Ibo

214 1393 302 1462 intro,
332 1404 422 1471 atque
447 1394 490 1452 illi
518 1393 648 1452 socienno
680 1405 734 1452 tuo
756 1395 820 1473 jam
852 1396 1075 1474 interstringam
1107 1395 1257 1474 gulam.'‘“
1296 1396 1358 1455 Ubi

214 1507 432 1566 observandum
453 1505 519 1564 hino
546 1507 686 1566 omissum
708 1528 780 1578 esse,
807 1509 914 1567 melius
936 1509 1058 1586 quidem
1078 1508 1118 1566 ad
1138 1518 1276 1576 metrum,
1303 1527 1358 1566 nec

214 1620 253 1679 ad
266 1641 384 1680 sensum
397 1621 534 1680 deterius.
575 1620 652 1680 Vide
672 1621 755 1680 Nott.
769 1621 856 1679 Critt.
898 1622 938 1680 Et
949 1631 1070 1699 praestat
1083 1621 1126 1679 sic
1138 1620 1247 1698 legere,
1269 1641 1358 1699 quam

216 1733 296 1810 quod
313 1733 401 1812 jubet
424 1734 532 1792 Noster
554 1733 661 1804 Hans,
689 1735 851 1799 ''Metrum
872 1734 1003 1812 postulat
1027 1734 1110 1804 socio,
1136 1743 1167 1792 et
1193 1731 1235 1792 sic
1257 1733 1358 1812 plures

216 1844 333 1903 Codd.“

276 2051 328 2066 -
383 2011 655 2108 In'terstringam
681 2005 833 2108 gulam]
883 2016 959 2079 Will
980 2016 1119 2079 throttle.
1159 2022 1358 2101 Frequentius

215 2138 407 2218 obstringam:
430 2141 540 2219 Amph.
563 2147 628 2200 801.
669 2140 949 2219 “Amphitruonem
972 2139 1042 2198 oolla
1058 2140 1130 2200 hinc
1149 2141 1280 2202 obstricto
1298 2153 1358 2203 tra-

215 2250 311 2309 ham.'’
351 2251 436 2312 Idem
457 2264 502 2312 est
521 2251 591 2312 Sall.
612 2254 676 2313 Cat
696 2255 760 2312 LV.
781 2255 831 2312 fin.
873 2254 1023 2330 “Laqueo
1040 2254 1139 2332 gulam
1148 2253 1300 2336 fregere.”

271 2433 337 2495 614.
384 2428 516 2527 Fugln’
540 2428 633 2516 hinc,
663 2428 748 2521 eiu]
797 2443 921 2502 Confert
949 2442 1065 2503 -Noster
1092 2396 1199 2516 Hans,
1228 2447 1294 2506 Cas.
1314 2447 1357 2506 ΙΙ.

218 2567 261 2608 rv.
282 2559 328 2612 33.
349 2553 435 2630 [193.
449 2556 505 2634 Β.]
547 2557 664 2616 “Abin'
684 2557 754 2617 hinc
774 2559 811 2617 ab
831 2560 966 2618 oculis?''

271 2741 337 2802 615.
385 2737 626 2831 Emortuom]
670 2752 751 2810 Men.
779 2751 813 2809 P.
834 2751 880 2811 36.
922 2752 999 2812 vide
1020 2753 1105 2813 um.
1131 2755 1218 2814 cett.
1258 2757 1360 2818 Habet

217 2863 302 2921 Con:
324 2865 390 2922 Ms:
413 2865 508 2945 simpl.
542 2866 697 2926 Mortuum.
729 2869 773 2928 Et
786 2871 828 2929 sie
841 2871 952 2949 legitur
965 2872 1075 2932 inloco
1087 2874 1232 2933 consimili
1245 2878 1358 2957 Amph.

218 2977 284 3037 865.
314 2977 422 3037 “Nam
434 3000 491 3049 me,
512 3001 601 3058 quam
619 2982 699 3041 illam
713 2985 908 3063 quaestionem
924 2985 1096 3063 inquisitam
1110 2986 1198 3047 hodie
1214 2989 1358 3064 amittere,

218 3073 362 3152 Mortuum
376 3095 466 3153 satius
480 3098 527 3153 ’t.”

278 3297 327 3312 ·-
386 3257 578 3352 Mavellm]
623 3274 751 3341 Malim
772 3276 868 3354 magis
888 3276 986 3336 velim.

271 3465 337 3527 616.
387 3460 484 3534 Dem
511 3461 686 3555 insidiam]
722 3475 864 3536 'Insidias
896 3479 976 3549 dare,
1010 3502 1065 3559 pro
1097 3482 1238 3542 insidiari.
1280 3487 1358 3546 citat

218 3597 327 3656 Geton:
349 3599 414 3657 Mil.
428 3607 494 3662 305.
536 3600 679 3660 “Eadem
691 3602 735 3660 illi
748 3601 984 3665 iuridiardahol’
1018 3607 1127 3668 Pseud.
1138 3618 1203 3681 593.
1244 3611 1359 3671 “Dabo
1449 3611 1451 3616 ’

217 3707 286 3769 hinc
305 3710 452 3770 iusidiaa.”
494 3714 538 3772 lb.
554 3719 636 3774 1238.
667 3713 734 3773 Etc.

232 3953 235 3958 .
273 3901 339 3971 619.
387 3894 502 3969 Atiat
515 3893 541 3988 l]
583 3904 775 3968 Battara!
816 3910 914 3988 Supra
933 3911 999 3978 367.

273 4075 339 4136 620.
386 4068 605 4169 Tantisper]
630 4081 839 4144 Meauwuue.
866 4090 961 4149 eroes.
976 4090 1051 4149 cor.
1064 4091 1104 4149 H.
1122 4101 1146 4150 1.
1180 4093 1357 4154 ”retertur

218 4200 243 4257 I.
256 4221 280 4258 e.
309 4201 382 4260 dum
408 4225 513 4264 aurum
538 4208 654 4284 profert
676 4229 773 4269 senex.
814 4212 995 4290 Plerumque
1016 4214 1073 4273 hoc
1092 4216 1266 4277 adverbium
1288 4239 1357 4278 cum

216 4313 369 4390 particulis
384 4315 464 4405 dum,
486 4317 587 4395 quoad,
609 4329 639 4378 et
658 4319 754 4378 simill.
776 4323 956 4400 conjunctim
976 4325 1093 4403 legitur.
