3250 5217
561 557 612 620 IN
638 557 983 628 AULULARIAM.
1027 574 1030 579 ’
1257 558 1339 626 ’195

201 743 233 802 in
251 742 394 802 brevibus
414 752 503 820 atque
523 742 663 820 syrtibus,
684 742 804 802 laboret.
847 742 930 802 Nost
948 741 1026 800 Rud.
1044 750 1090 808 87.
1132 745 1202 802 “At
1222 743 1251 802 in
1272 744 1342 802 uado

201 860 261 910 est:
281 853 342 932 jam
363 853 448 912 facile
468 853 594 913 enabit.'’
616 853 668 928 (de
688 853 810 914 muliere
831 875 847 913 e
866 854 935 916 navi
955 856 1072 934 ejecta.)

257 1053 323 1120 764.
370 1044 618 1144 Pedissequa]
667 1053 798 1118 Female
816 1053 999 1117 attendant.
1047 1061 1144 1140 supra
1158 1069 1223 1122 455.

258 1283 323 1352 766.
371 1276 476 1350 Auro
493 1272 686 1366 onustam]
721 1287 818 1366 Supra
831 1286 896 1348 565.
912 1296 983 1358 5713
1007 1297 1026 1323 “
1033 1288 1180 1349 onustam
1193 1289 1285 1384 ³⁰¹5?ss

153 1489 155 1492 ⁵
258 1522 323 1581 770.
372 1504 573 1580 Contollam
599 1505 778 1604 gradum]
830 1504 942 1577 Iwill
961 1520 1032 1596 step
1053 1521 1120 1577 out.
1163 1521 1251 1579 Con:
1277 1521 1342 1578 Ms:

203 1644 324 1704 ”Simul
342 1645 452 1716 tollam,
472 1645 571 1705 eundo
590 1645 628 1703 ad
647 1645 776 1724 ipsum.“
815 1645 943 1715 Nonius,
966 1648 1037 1726 Cap.
1053 1647 1094 1705 ΙΙ.
1115 1656 1179 1720 100,
1199 1650 1344 1728 interpre-

203 1767 291 1829 tatur,
313 1767 413 1818 eontra
434 1758 537 1819 tollam.
578 1759 751 1830 Lambinus,
774 1780 830 1838 pro
848 1759 1003 1840 conferam,
1026 1763 1125 1821 sumit
1165 1762 1226 1822 Sed
1245 1764 1345 1842 potius

204 1871 321 1932 videtur
344 1892 407 1932 esse
430 1892 485 1950 pro
509 1872 604 1950 simpl.
625 1871 730 1942 tollam,
751 1881 786 1950 ut
806 1873 845 1932 sit
863 1894 977 1945 sensus,
999 1873 1067 1932 bene
1085 1875 1254 1942 amellam
1275 1898 1344 1936 nam

204 1984 257 2062 qui
279 1984 402 2043 celerius
426 2004 457 2045 se
478 1994 609 2054 movent,
631 1984 759 2062 gradum
779 1984 868 2044 altius
887 1986 965 2046 inter
986 1988 1199 2048 ambulandum
1218 1990 1344 2062 tollunt3

203 2097 284 2155 unde
302 2095 441 2174 “gradus
458 2095 668 2173 grallatorius’'
684 2105 730 2155 est
748 2115 804 2175 pro
824 2097 952 2157 maxime
968 2098 1131 2169 celerrimo,
1148 2101 1229 2179 apud
1243 2101 1344 2162 Nostr.

204 2210 313 2290 Amph.
335 2220 366 2270 et
386 2211 585 2270 “formicinus
604 2209 742 2288 gradus,”
762 2229 819 2288 pro
838 2211 1015 2281 tardissimo,
1037 2212 1117 2272 Men.
1132 2220 1197 2280 787.

259 2423 324 2481 771.
373 2407 555 2504 Kampsa]
601 2419 674 2478 Eam
687 2419 786 2499 ipsam.
829 2421 909 2480 Men.
923 2421 989 2488 675.
1030 2423 1120 2483 Truc.
1134 2432 1181 2494 95.
1213 2424 1345 2506 Eumpse.

206 2534 303 2614 Supra
316 2534 362 2595 62.
489 2543 492 2550 ’

259 2730 347 2819 772.Ι
372 2743 500 2832 Quin]
545 2751 724 2832 17179911
766 2754 827 2826 Qui
839 2774 908 2813 non.
948 2753 1031 2814 Men.
1049 2754 1111 2813 164.

260 2973 325 3033 773.
373 2957 520 3056 Igitur]
562 2971 658 3030 Gloss.
672 2971 745 3031 eod.
759 2972 800 3030 H.
815 2981 843 3032 2.
883 2974 900 2996 ’'
908 2971 1014 3048 Igitur,
1028 2971 1159 3049 positum
1171 2989 1227 3049 pro
1237 2979 1344 3049 postea.

206 3089 305 3147 Non.“
344 3087 433 3168 (Cep.
447 3088 490 3148 11.
505 3089 585 3169 456.)
607 3091 660 3169 qui
677 3090 748 3151 citat
761 3090 874 3170 Amph.
894 3089 931 3150 56
939 3112 949 3161 3
971 3090 1055 3148 “Sin
1072 3089 1157 3148 aliter
1170 3099 1268 3149 essent
1282 3091 1346 3148 eni·

204 3198 286 3268 mati,
303 3218 401 3276 neque
417 3198 498 3269 dent,
519 3219 587 3278 quae
600 3210 697 3279 petat:
720 3220 783 3260 sese
801 3200 893 3280 igitur
911 3219 1026 3258 summa
1038 3201 1078 3269 vi,
1096 3199 1228 3278 virisque
1241 3219 1344 3260 eorum

205 3310 350 3391 oppidum
369 3315 611 3390 expugnassere.”

268 3580 318 3594 -
375 3538 493 3611 Manu
517 3541 668 3631 mittat]
717 3550 799 3610 Infra
825 3557 892 3620 779,
920 3556 986 3621 789,
1016 3559 1046 3609 et
1072 3549 1153 3609 Men.
1174 3559 1241 3621 921,
1268 3560 1344 3622 9413
1470 3532 1473 3538 ’

95 3693 96 3696 “
206 3687 292 3724 manu
318 3665 449 3726 emittere.
489 3665 535 3725 Ib.
557 3674 631 3738 9533
666 3666 802 3726 amittere.
842 3665 934 3724 Paul:
961 3666 993 3724 in
1020 3666 1107 3726 Fest:
1143 3666 1248 3745 (quem
1274 3667 1346 3727 citat

206 3778 330 3856 17177777)
351 3777 545 3838 ''Manumitti
560 3798 662 3838 servus
675 3778 839 3847 dicebatur,
860 3797 929 3837 eum
942 3777 1080 3837 dominus
1096 3779 1171 3856 ejus,
1191 3789 1243 3837 aut
1256 3791 1346 3858 caput

206 3889 338 3970 ejusdem
356 3891 442 3961 servi,
462 3900 514 3950 aut
529 3889 609 3950 aliud
627 3890 793 3949 membrum
807 3898 920 3959 tenens,
940 3889 1066 3961 dicebat,
1088 3890 1180 3948 Hunc
1196 3889 1346 3950 hominem

206 4000 332 4061 liberum
352 4021 415 4061 esse
433 4001 512 4072 volo,
532 4011 563 4061 et
582 3999 734 4061 emittebat
754 4019 823 4059 eum
842 4005 961 4058 manu.“

262 4213 327 4275 777.
374 4198 471 4274 Auri
494 4198 662 4298 plenam]
704 4213 772 4274 Hoe
797 4213 892 4292 magis
919 4212 1059 4271 Latinum
1088 4222 1133 4270 est
1159 4231 1249 4290 quam
1275 4233 1347 4274 auro

205 4328 328 4408 plenam,
355 4341 389 4390 ut
415 4341 516 4392 monet
542 4330 662 4404 Quinct.
690 4331 757 4391 Lib.
780 4331 834 4390 IX.
860 4352 923 4410 cap.
947 4339 973 4392 3.
1014 4331 1056 4391 Et
1082 4331 1123 4391 ite
1150 4332 1278 4404 Servius,
1308 4334 1346 4392 ad
