3250 5217
284 588 349 664 166
699 594 1006 660 GLOSSARIUM

340 793 390 850 --’·
446 788 681 879 Calceolarii.]
726 796 949 860 Stoemakem.
1009 798 1071 872 Qui
1104 798 1217 858 calcem
1249 796 1423 856 conficiam:

279 921 527 995 ὖποδηματοποιοί.
567 923 675 980 Contra
688 928 809 990 autores,
824 940 913 979 versu
926 921 1073 999 proximo,
1087 920 1138 998 qui
1153 919 1264 979 calceos
1278 917 1424 985 reficiunt,

280 1056 297 1092 a
310 1054 370 1102 suo,
388 1033 523 1112 (Coblers
531 1034 555 1109 ;)
571 1032 651 1091 unde
663 1051 720 1110 pro
733 1031 835 1091 infima
847 1031 936 1110 plebe
948 1029 1109 1110 sepissime
1121 1039 1282 1108 ponuntur.

335 1205 400 1274 467.
450 1195 726 1286 Diabatllrarll]
783 1202 919 1285 Slipper
943 1203 1080 1264 motem.
1139 1205 1254 1272 Festus,
1283 1200 1424 1260 ”Diaba-

280 1326 357 1397 tlera,
373 1345 469 1403 genus
485 1324 631 1383 solearum
643 1323 913 1384 Graecanicarum.“
953 1322 991 1380 In
1005 1342 1094 1400 quem
1111 1321 1194 1406 Duc:
1215 1321 1270 1380 ”A
1283 1317 1425 1394 διαβαίνοι,

279 1461 324 1509 eo,
337 1438 467 1498 ambulo.
506 1436 581 1496 Inde
594 1434 800 1506 diabatkrarii‚
816 1435 869 1514 qni
883 1433 1038 1494 dinlutkra
1052 1433 1198 1492 faciunt“
1236 1431 1321 1490 Varr.
1335 1432 1425 1508 Ling.

281 1551 347 1609 Lat.
364 1547 421 1607 Vl.
445 1548 516 1608 citat
539 1569 556 1606 a
581 1547 695 1616 Naevio,
723 1544 919 1604 ''mahathro
945 1545 976 1604 in
1000 1544 1129 1623 pedibus
1148 1544 1286 1613 habebat,
1312 1553 1342 1601 et
1362 1554 1427 1602 erat

280 1661 404 1720 amictus
424 1658 557 1739 epicroco.
599 1659 770 1736 Utrumque
790 1657 969 1717 vocabulum
990 1657 1161 1714 Graecm.“

335 1860 402 1922 468.
450 1851 626 1941 solearii]
674 1855 805 1919 Samdul
821 1855 959 1917 mahero.
1007 1861 1092 1920 Fert:
1117 1859 1229 1919 ”Solea
1249 1880 1285 1920 ea
1306 1859 1426 1930 dicitur,

281 2001 349 2060 quae
364 1979 423 2040 solo
437 1979 522 2058 pedis
543 1977 579 2056 [i.
594 1999 618 2038 e.
637 1976 751 2057 planta,
772 1976 843 2035 hinc
856 1975 995 2054 Anglice,
1015 1975 1102 2055 coln]
1119 1976 1309 2055 subjicitur.“
1347 1977 1428 2035 Citat

281 2092 354 2151 con
382 2091 423 2150 H.
438 2090 466 2161 6,
493 2091 524 2149 in
550 2109 643 2167 marg.
671 2089 772 2167 Papiae
799 2085 895 2146 Gloss.
934 2087 1069 2159 ”Solem
1096 2109 1193 2167 genus
1218 2090 1425 2160 calceamenti3

281 2204 369 2264 etiam
387 2225 482 2282 genus
499 2203 588 2282 piscis
605 2202 636 2261 in
657 2201 740 2270 mari,
761 2199 876 2259 dictum
890 2200 972 2277 quod
992 2201 1084 2259 instar
1101 2212 1146 2260 est
1162 2202 1427 2264 calceamentorum

281 2316 393 2376 soleis.“

343 2541 393 2554 -
450 2487 732 2581 Molochinarii]
775 2495 931 2559 Statum
960 2498 998 2558 in
1024 2499 1151 2561 mollow
1178 2503 1297 2563 colona.
1345 2505 1426 2565 Vide

282 2624 366 2682 Nott.
400 2622 430 2680 A
445 2620 559 2701 μολόχη
574 2620 678 2679 malva.
718 2618 805 2691 ”Qui
824 2618 952 2677 colorem
969 2619 1089 2696 tingunt
1108 2619 1146 2678 ad
1161 2641 1325 2700 purpuram
1341 2624 1426 2683 incli-

282 2746 411 2804 nantem,
430 2734 524 2813 qualis
537 2733 568 2791 in
582 2729 763 2810 molvoeflore
777 2739 958 2808 spectatur.“
998 2729 1082 2789 Pan:
1102 2731 1175 2791 Lex.
1190 2732 1286 2792 Plaut
1326 2735 1428 2795 Habet
1483 2776 1497 2798 s

283 2849 388 2909 Isidor.
428 2849 513 2925 Orig.
534 2847 602 2905 Lib.
623 2843 710 2903 XIX.
728 2849 776 2902 22.
816 2841 1000 2912 ”Moloca‘na,
1025 2864 1092 2921 qnae
1113 2844 1277 2904 malvarum
1303 2848 1427 2906 stamine

285 2964 449 3031 conficitur,
470 2979 560 3038 quam
580 2957 630 3016 alii
650 2955 822 3023 molocinam,
843 2954 892 3012 alii
912 2952 1071 3011 malvellam
1091 2965 1227 3014 vocant.“

338 3139 405 3208 469.
453 3121 677 3215 ciniflones]
706 3133 801 3211 (Vide
815 3135 898 3191 Nott.
912 3133 1011 3211 erite)
1028 3133 1261 3201 Hoirdreaacra,·
1274 3135 1426 3215 frizzlcra.

287 3258 331 3316 ld.
350 3276 400 3335 qu.
422 3249 580 3317 cinerarii;
603 3272 620 3308 a
630 3250 736 3329 flando
753 3250 785 3307 in
800 3247 911 3307 cineres
927 3249 1101 3326 nuncupati,
1122 3249 1204 3327 quod
1221 3251 1336 3312 faciunt
1353 3253 1426 3312 dum

285 3369 449 3429 calamistra
469 3365 548 3444 ignis
568 3364 727 3432 calefaciat,
749 3363 859 3439 quibus
878 3362 918 3421 ad
937 3362 1096 3421 mulierum
1116 3362 1236 3441 capillos
1256 3364 1428 3444 crispandos

286 3491 419 3539 utuntur.
460 3477 541 3535 lnter
558 3475 729 3534 comitatum
747 3474 923 3533 muliebrem
939 3483 1076 3532 numerat
1094 3474 1198 3532 Horat.
1213 3475 1273 3534 Sat
1290 3478 1314 3535 1.
1329 3495 1364 3535 11.
1379 3486 1425 3548 98.

287 3603 306 3630 “
314 3589 469 3657 Custodes,
489 3587 602 3656 lectica,
623 3585 778 3665 ciniflones,
798 3585 961 3664 parasita?

349 3805 398 3818 -
456 3754 718 3841 sarcinatores]
763 3760 928 3822 Patcbera.
969 3762 1030 3833 Qui
1054 3772 1150 3822 vestes
1169 3765 1340 3824 resarciunt
1382 3766 1427 3824 ld.

288 3906 337 3964 qu.
360 3883 500 3942 sartores.
543 3877 591 3937 Sic
618 3878 679 3938 fere
705 3879 782 3938 Non.
805 3879 858 3957 qui
878 3879 950 3938 citat
966 3877 1062 3938 Lucil
1103 3878 1345 3938 “Sarcinatorem
1365 3901 1428 3940 esse

288 4009 445 4059 summum,
458 4009 540 4047 suere
553 3997 706 4047 centonem
720 3989 858 4067 optime.”
886 3987 973 4047 ldem
986 3987 1100 4047 veroin
1115 4007 1177 4047 voc
1206 3986 1427 4059 Sarcinatrices,

287 4109 357 4182 Cap.
374 4104 399 4162 l.
415 4101 473 4169 276
481 4125 490 4173 ;
513 4087 565 4168 ait,
584 4102 601 4124 '³
612 4101 680 4159 Non
700 4122 772 4170 esse,
793 4101 843 4176 (ut
861 4101 983 4180 quidam
1001 4100 1131 4179 volunt)
1149 4088 1322 4171 sarcinium,
1343 4103 1427 4180 quasi

288 4216 466 4277 aaarcieudo
472 4237 485 4282 ;
506 4215 558 4276 sed
570 4203 664 4293 magis
683 4237 700 4273 a
712 4213 848 4283 sarcinis,
869 4215 951 4292 quod
964 4214 1126 4293 plurimum
1140 4214 1266 4273 vestium
1281 4213 1428 4274 sumant“

291 4332 414 4391 Sarcina
429 4331 517 4403 enim,
538 4330 585 4410 (ut
598 4331 647 4400 ait,
663 4329 735 4390 Vet:
758 4328 882 4409 Gram2)
902 4341 946 4388 est
964 4329 1118 4388 hominum
1128 4351 1136 4398 ;
1157 4348 1229 4387 onae
1243 4348 1322 4399 vero,
1343 4329 1426 4388 vehi-
