3250 5217
635 582 935 647 AULULARIA.

284 783 481 881 Multoque
505 784 603 881 prius
627 809 685 856 me
710 783 876 857 collocavi
901 786 939 855 in
968 786 1147 870 arborem3

1311 793 1370 853 660

288 910 449 1009 Indeque
471 913 727 1008 exspectabam,
752 937 877 985 aurum
903 914 965 985 ubi
989 915 1217 987 abstrudebat
1241 940 1358 989 senex.

287 1035 365 1110 Ubi
387 1036 450 1111 ille
474 1037 573 1121 abiit,
601 1061 665 1133 ego
689 1061 747 1109 me
770 1037 933 1110 deorsum
956 1036 1046 1109 duco
1072 1036 1116 1109 de
1139 1039 1281 1125 arbore3

286 1159 433 1234 Effodio
454 1160 571 1235 aulam
598 1159 674 1233 auri
699 1160 854 1256 plenam.
907 1160 997 1233 Inde
1023 1185 1067 1233 ex
1091 1187 1132 1234 eo
1156 1162 1232 1235 loco

286 1286 405 1360 Video
429 1288 582 1385 recipere
607 1313 644 1360 se
670 1312 812 1375 senem;
841 1289 903 1362 ille
925 1312 982 1361 me
1007 1313 1078 1360 non
1103 1289 1221 1362 videt:

283 1412 381 1488 Nam
406 1440 472 1512 ego
497 1414 672 1488 declinavi
697 1414 883 1511 paululum
908 1440 966 1488 me
990 1425 1091 1488 extra
1116 1416 1223 1488 viam.
1308 1424 1365 1484 665

285 1538 409 1624 Attal,
436 1564 555 1613 eccum
579 1540 715 1636 ipsum!
751 1539 828 1624 Ibo,
855 1553 897 1613 ut
921 1538 988 1612 hoc
1012 1540 1160 1613 condam
1186 1540 1343 1613 domum.

179 1740 183 1747 ·
232 1739 250 1766 v.
263 1729 303 1768 tm
329 1731 435 1778 coaoccot
447 1737 469 1772 et
479 1733 577 1779 arborem,
590 1743 662 1773 omnes
672 1734 823 1773 codd-ml.
841 1734 936 1781 Indeque,
949 1743 1020 1772 omues
1031 1733 1094 1773 Godd.
1107 1733 1175 1772 Nosti.
1188 1736 1209 1771 et
1222 1732 1298 1771 Vindd
1320 1733 1367 1773 Vid.

186 1792 251 1839 Supra
260 1792 378 1830 cia-Tum
393 1796 538 1842 umbem,
551 1795 621 1833 decan
632 1794 700 1833 Nostr.
721 1795 784 1835 codd
802 1805 891 1844 quorum
902 1804 956 1833 unus
967 1794 993 1832 H.
1002 1796 1021 1841 2,
1038 1795 1102 1834 babet
1112 1796 1152 1835 litt
1164 1807 1176 1835 a
1189 1806 1250 1844 snper
1260 1806 1277 1834 x
1287 1796 1369 1846 inscrip

185 1855 234 1890 tam.
247 1850 274 1889 V.
284 1852 301 1896 1,
312 1854 446 1899 mucosa
471 1853 497 1892 In
508 1856 534 1899 A,
546 1858 577 1893 est
588 1855 651 1903 glum
664 1854 797 1894 “notabam'’
808 1856 926 1904 spectabam
936 1854 1002 1904 simpl.
1016 1856 1039 1894 lt.
1049 1857 1065 1893 l.
1080 1856 1103 1895 B.
1112 1857 1132 1895 b.
1145 1859 1166 1895 et
1177 1856 1203 1895 V.
1215 1857 1233 1893 2.
1245 1858 1369 1895 :t-Auram

184 1913 226 1959 abl,
238 1923 320 1958 omnm
332 1914 373 1953 Bo:
384 1919 406 1954 et
417 1916 515 1955 Rccentt:
533 1921 699 1965 nmcposummt
713 1918 757 1957 cine
773 1918 977 1963 causa-cocleam,
990 1928 1043 1956 unus
1055 1917 1114 1963 H.b;
1126 1923 1148 1957 at
1158 1918 1323 1958 soloce—om.
1336 1919 1369 1958 Ita

185 1984 257 2014 omnes
267 1975 322 2015 llss
334 1975 403 2015 Nosti.
415 1981 437 2016 et
446 1977 522 2017 Vindd
534 1988 573 2017 nee
584 1978 676 2028 intelligo
686 1990 723 2017 cur
733 1978 755 2017 lu
767 1979 856 2028 “paltlde
866 1978 956 2017 nemm’·
967 1978 1043 2017 Botbio
1054 1979 1157 2024 videnum
1176 1981 1211 2020 scd
1221 1982 1282 2021 tecet
1292 1981 1318 2020 de
1328 1981 1369 2021 hoc

184 2038 247 2077 verbo
257 2039 317 2087 plura
327 2041 534 2087 notare-Deorum,
546 2029 746 2087 uouocvltltissmc,
762 2044 787 2079 ut
806 2050 885 2088 semper
895 2038 961 2086 medo,
982 2038 1165 2087 pronum-om
1183 2039 1234 2077 lade
1245 2050 1271 2079 cc
1280 2050 1303 2080 co
1318 2042 1368 2086 loco,

184 2101 218 2139 lta
228 2111 300 2142 omncs
310 2102 372 2141 codd
386 2103 454 2143 Noctr.
469 2107 491 2143 et
504 2103 580 2142 Vindd.
592 2104 633 2142 nisi
644 2104 699 2152 quod
710 2104 752 2142 duo
764 2103 790 2141 Η.
804 2105 822 2149 l,
834 2102 860 2142 1³.
870 2105 887 2147 l,
904 2102 981 2141 habent
991 2111 1039 2141 aceo
1046 2102 1094 2146 loco,
1107 2102 1162 2140 uude
1173 2102 1260 2141 confecit
1271 2103 1366 2143 Gulielm.

184 2163 237 2203 lnce
251 2174 304 2209 aco,
321 2165 374 2203 eloco
391 2163 419 2222 qh.
432 2175 449 2203 e.
468 2163 538 2210 illice)
557 2163 611 2213 quod
622 2164 697 2213 recepit
708 2164 745 2203 Bo.
764 2163 799 2202 sed
809 2163 839 2201 nil
851 2162 997 2211 opus—66⁴.
1010 2160 1043 2200 Ita
1054 2161 1108 2199 lisa.
1121 2161 1164 2199 sine
1175 2171 1235 2200 causa
1245 2163 1369 2212 usurposmt

184 2222 222 2261 Bc
234 2222 289 2271 prior
299 2222 344 2271 sylb
356 2225 448 2263 ‘rou-tlte
458 2224 660 2273 octuplam—ost.
674 2224 734 2262 Unus
744 2224 793 2262 cod.
811 2223 838 2262 V.
847 2224 865 2269 2,
882 2222 945 2262 hebet
955 2221 1011 2261 baud
1022 2222 1076 2260 male
1086 2222 1203 2269 paulatum,
1221 2227 1242 2261 et
1255 2222 1283 2263 sic
1294 2222 1368 2263 Noster

185 2284 261 2323 Hane.
285 2285 367 2325 Habent
378 2286 461 2335 quidem
471 2287 568 2325 nonnulli
578 2287 641 2325 Godd
659 2297 702 2326 noa
713 2288 745 2326 vel
756 2289 816 2327 nmo
826 2291 873 2337 post
883 2297 917 2335 opo
929 2286 1034 2331 inscrtum,
1048 2285 1083 2323 sod
1094 2288 1148 2323 recte
1158 2284 1233 2323 absunt
1244 2296 1257 2323 a
1268 2285 1366 2334 pluribus,

184 2353 206 2388 ct
216 2348 304 2388 meliotis
314 2353 377 2396 note,
390 2350 533 2389 llas—w.
545 2352 609 2395 suat,
623 2349 656 2389 lte
667 2351 690 2388 Β.
699 2351 719 2389 b.
732 2350 804 2400 reliqui
816 2353 843 2390 At
854 2353 883 2390 ot.

184 2520 289 2577 capere
301 2511 469 2569 conaretur,
488 2521 522 2559 ac
535 2500 600 2580 ejus
612 2500 670 2558 loci
684 2502 750 2577 qui-

182 2594 261 2665 dam,
283 2605 385 2654 eontra
404 2614 521 2653 omnem
538 2595 683 2672 impetum
701 2605 749 2652 tu-

182 2690 336 2759 tissimam,
363 2711 397 2749 ac
418 2690 511 2748 ferme
531 2689 748 2767 inexpugnabi-

182 2782 241 2841 lem
254 2803 317 2841 esse
330 2782 449 2851 diceret,
465 2782 650 2858 quaesivisse:
667 2783 748 2841 Num

182 2876 271 2935 etiam
297 2896 403 2934 aurum
429 2876 494 2955 ejus
523 2875 607 2934 urbis
639 2876 748 2935 moenia

181 2972 388 3031 transcendere
414 2981 491 3030 esset
520 2970 701 3048 impossibile
711 2973 746 3028 ?“

183 3065 239 3123 Ille
261 3077 361 3125 autem
387 3065 510 3133 dictum,
537 3073 572 3122 ut
593 3064 679 3122 Cure.
700 3072 747 3130 27.

184 3162 267 3220 “Ille
288 3162 406 3240 Jupiter
416 3162 445 3231 ;”
482 3178 552 3217 cum
581 3158 747 3216 reverentia

182 3256 318 3334 quadam.

238 3387 305 3459 659.
350 3387 416 3467 Ua]
463 3387 505 3445 H.
528 3407 554 3445 e.
577 3393 745 3463 postquam,

181 3484 264 3541 Com.
279 3484 338 3542 Me.

163 3685 167 3692 Ι
218 3641 259 3652 -
272 3605 379 3684 Prior]
396 3602 687 3682 QucmipseEuclio.
700 3602 746 3661 In.

220 3735 286 3796 661.
311 3736 394 3815 Uli]
417 3736 603 3795 Adverbium
616 3744 661 3793 est
673 3697 730 3792 loci
736 3755 746 3804 3

180 3837 279 3897 sedin
294 3858 381 3896 versu
402 3838 538 3915 sequenti
555 3848 674 3915 tempus
688 3836 747 3912 sig·

180 3941 290 3999 nificat.
308 3942 353 3999 ln.

220 4060 286 4122 662.
333 4063 398 4141 Ego
423 4081 465 4118 me
491 4061 620 4120 deorsum
647 4058 745 4136 duco]

181 4155 214 4212 ‘I
228 4156 271 4214 let
283 4153 396 4233 myself
405 4153 494 4212 down
510 4154 588 4212 from
603 4152 654 4211 the
666 4153 745 4210 trae?

800 2504 912 2581 optime
932 2503 1065 2562 celeritas
1088 2501 1212 2560 actionis
1226 2501 1365 2579 exprimi·

799 2608 849 2655 tur
870 2618 923 2676 per
949 2597 1014 2656 haec
1036 2597 1128 2655 verba
1151 2594 1229 2664 duco,
1251 2593 1364 2673 effodio,

799 2692 887 2761 video,
898 2702 954 2751 etc.
968 2691 1107 2770 praesenti
1117 2701 1251 2768 tempore
1259 2690 1364 2768 posita,

798 2786 911 2844 Similis
924 2796 969 2845 est
982 2807 1053 2844 usus
1063 2786 1095 2843 in
1107 2784 1274 2843 narratione
1284 2786 1365 2864 apud

797 2880 917 2941 Curcul.
931 2880 1095 2941 361-366.
1137 2880 1202 2938 Etc.

835 2992 901 3054 665·
951 2990 1133 3069 Paululum]
1172 2990 1252 3050 Vide
1278 2990 1364 3050 Nott.

796 3089 881 3147 Critt.
897 3086 1054 3145 Paululum
1067 3086 1189 3143 sortasse
1204 3104 1292 3142 sensu
1308 3084 1364 3143 alt-

796 3190 903 3261 quanto
916 3182 1033 3260 [Supra
1043 3188 1100 3249 494
1109 3180 1139 3258 ;]
1149 3179 1364 3256 accipiendum.

796 3283 871 3355 Nos,
906 3283 936 3339 ‘l
965 3282 1040 3359 kept
1064 3299 1138 3337 some
1166 3299 1230 3357 may
1256 3289 1308 3338 out
1334 3282 1370 3338 of

797 3375 896 3452 sight:
917 3383 951 3432 ‘a
970 3372 1049 3451 good
1067 3375 1152 3449 way,’
1185 3392 1239 3449 per
1257 3374 1366 3438 μείωσιν

796 3467 954 3546 quandam,
981 3466 1034 3525 ubi
1055 3463 1230 3524 sententiam
1256 3485 1364 3543 augere

794 3566 894 3645 potius
924 3586 1014 3644 quam
1036 3562 1170 3624 minuere
1206 3562 1237 3620 in
1267 3563 1366 3621 animo

795 3673 849 3720 est.

836 3770 902 3831 666.
945 3770 1095 3849 Domum]
1143 3771 1233 3828 Recte
1254 3770 1364 3827 mum

796 3888 856 3927 non
877 3868 951 3926 domi
962 3866 1083 3944 legitur,
1104 3864 1252 3943 siquidem
1264 3874 1364 3925 motus

796 3959 835 4017 ad
848 3979 916 4017 eum
928 3958 1027 4018 locum
1041 3957 1217 4034 intelligitur
1225 3979 1235 4027 3
1257 3957 1307 4028 ita,
1324 3960 1363 4017 ob

794 4052 919 4111 eandem
938 4072 1066 4120 causam,
1091 4070 1118 4110 v.
1133 4050 1208 4120 6603
1233 4049 1293 4108 “in
1313 4072 1363 4109 ar-

794 4148 913 4217 borem,”
955 4167 1015 4204 non
1050 4144 1161 4211 arbore,
1195 4144 1363 4205 habuimus.

180 4249 423 4322 ''Duco,dimitto,
435 4247 591 4307 descendo.
600 4249 637 4305 N.
648 4248 690 4305 M.
698 4246 746 4303 all.
798 4242 924 4303 Condcm
955 4253 1055 4300 autem
1083 4240 1161 4298 valet
1185 4239 1363 4310 abscondam,

180 4346 257 4404 b.t.“
271 4345 365 4404 Gloss.
377 4342 470 4403 Codd
477 4344 517 4402 H.
525 4353 552 4404 2.
561 4341 588 4402 6.
600 4344 746 4399 Caeterum
796 4349 830 4396 ut
842 4347 921 4397 recte
935 4345 1017 4394 notat
1031 4335 1182 4412 Interpres
1196 4335 1233 4393 ad
1244 4335 1315 4394 Cod.
1326 4338 1363 4395 A.
