3250 5217
584 572 635 635 IN
661 570 1000 636 AULULARIAM.
1296 568 1358 634 161

218 758 408 836 proverbium
434 781 534 820 aarum
561 763 650 822 alicui
669 763 751 833 dure,
781 763 859 823 Vide
880 763 964 822 Notu
992 774 1023 822 et
1047 763 1109 822 huo
1134 762 1256 840 respicit
1282 763 1365 840 quod

214 881 299 930 notat
321 875 398 932 Cas:
420 875 459 934 ad
480 875 631 956 Aristoph.
653 877 730 955 qu.
750 884 818 937 844.
836 896 908 955 sqq:
931 876 1024 936 Moris
1047 896 1154 954 nempe
1172 875 1272 944 fuisse,
1293 895 1362 934 oum

216 1002 298 1042 arma
316 997 566 1056 consecrarentur,
590 998 624 1047 ut
644 987 695 1046 illa
716 987 877 1067 redderent
891 987 1017 1056 inutilia,
1038 1007 1123 1046 ansas
1138 998 1190 1046 aut
1208 987 1364 1045 manubria

216 1103 367 1176 adimere;
389 1107 417 1166 h.
432 1128 458 1167 e.
478 1128 516 1169 ne
529 1108 668 1188 cuiquam
686 1110 718 1168 in
733 1121 876 1188 promptu
889 1119 965 1171 earet
981 1119 1084 1168 eontra
1097 1107 1312 1187 rempubliour
1328 1128 1363 1168 eo

218 1235 342 1278 sumere.

211 1492 215 1499 .
270 1440 336 1498 427.
389 1425 552 1519 Affinis]
593 1441 693 1501 Gener
708 1441 837 1500 iuturus.
878 1438 986 1498 Differo
1003 1439 1083 1500 enim
1095 1436 1190 1515 (affinia
1203 1443 1359 1515 aooguaio,

216 1553 298 1630 quod
314 1551 364 1613 hic
383 1554 422 1614 sit
440 1556 590 1634 ranguire,
612 1558 662 1618 iile
684 1557 864 1618 matrimonio
881 1558 1004 1636 junctus
1023 1556 1120 1616 diioui.

276 1785 327 1796 -
382 1743 546 1840 Eccum]
597 1754 682 1818 Ecce
707 1776 790 1819 eum.
843 1763 926 1822 Infra
942 1770 1009 1832 491.

278 1993 327 2006 —
385 1943 556 2041 Incedit]
584 1959 696 2022 Comes
708 1962 991 2042 struitiugaiong.
1019 1967 1088 2024 Non
1100 1975 1211 2026 temere
1224 1963 1361 2022 haouox

215 2077 252 2136 de
266 2077 367 2138 divitis
379 2091 465 2156 gestu
479 2090 510 2139 et
521 2080 679 2159 magnifico
692 2080 803 2140 incessu
817 2082 985 2142 adhibetur.
1009 2083 1087 2142 Vide
1100 2101 1168 2161 qnoe
1182 2082 1280 2160 Supra
1292 2102 1320 2140 v.
1331 2088 1359 2151 8,

187 2207 190 2213 '
214 2191 303 2250 etad
327 2193 408 2252 Men.
436 2199 503 2263 787,
525 2195 712 2254 contulimus.
760 2193 859 2265 Adde,
886 2197 936 2264 aiu,
961 2195 1032 2256 Sall.
1052 2195 1221 2279 Belidug.
1242 2193 1361 2254 XXXI.

216 2302 387 2363 “Incedunt
406 2304 580 2384 mugnifioi.”

270 2531 336 2584 430.
388 2515 629 2612 conditione]
683 2527 884 2592 Couneuiou.
937 2531 1034 2610 Supra
1049 2539 1113 2602 194.
1153 2529 1288 2588 Plurima
1308 2547 1359 2587 ex-

213 2645 311 2723 empla
333 2648 449 2706 confert
465 2647 567 2708 Gron:
588 2649 620 2709 in
641 2649 721 2710 Leot.
741 2651 841 2711 Plani.
860 2664 891 2712 et
909 2651 1002 2721 addit,
1029 2650 1137 2709 ”Hinc
1163 2649 1291 2709 formula
1312 2667 1359 2707 ro·

212 2867 449 2946 exprimendum,
470 2891 530 2932 uon
552 2872 659 2932 ducam
676 2884 715 2946 te,
735 2894 791 2934 nec
813 2873 1034 2935 matrimonium
1060 2883 1160 2933 tecum
1179 2870 1359 2931 contraham.

214 2980 314 3040 Senec.
336 2982 368 3040 in
388 2982 508 3062 Fragm-
529 2984 610 3063 apud
630 2985 761 3064 August„
801 2985 986 3045 “Bellonam
1003 2985 1094 3044 Marti
1112 2984 1267 3053 collocant,
1281 2982 1358 3042 Vul-

213 3113 286 3151 cano
312 3093 468 3166 Venerem,
495 3097 638 3176 Neptuno
664 3095 801 3166 Dianam,
835 3097 979 3174 quoadam
1003 3095 1123 3155 ooeiibea
1147 3093 1358 3172 relinquentes,

212 3204 297 3283 quasi
322 3203 445 3264 conditio
464 3205 631 3266 defecerit.”
642 3214 662 3240 “

267 3417 333 3477 437·
381 3401 519 3476 Malam
545 3398 650 3494 rem]
724 3408 886 3494 Tmolo,-
926 3405 1151 3487 puniriment.
1220 3409 1354 3478 Poenam,

213 3527 453 3606 castigationem
474 3539 508 3586 ut
531 3528 640 3607 passim
666 3527 748 3606 apud
773 3527 926 3585 Nostrum.
973 3524 1059 3584 Inita
1077 3523 1144 3585 635.
1165 3529 1232 3591 758.
1272 3523 1356 3583 Men.

213 3646 279 3708 398.
330 3638 407 3696 “An
429 3637 484 3698 tibi
505 3637 611 3697 niolam
639 3658 696 3696 rem
717 3637 763 3697 via
789 3657 845 3716 pro
870 3634 1034 3696 maledictis
1059 3634 1161 3694 dari?”
1201 3633 1287 3694 Asin.
1308 3642 1355 3704 29.

214 3755 330 3822 “Cava
352 3752 401 3821 sis,
421 3751 526 3812 malam
544 3771 603 3810 rem
611 3752 641 3810 !”
679 3750 722 3810 ut
742 3750 824 3810 huno
844 3769 963 3809 aeneum
983 3748 1071 3810 unice
1087 3769 1152 3809 esee
1169 3767 1274 3808 vorum
1286 3767 1356 3827 pro·

211 3871 309 3938 hatur,
333 3887 402 3927 oum
423 3886 440 3925 a
459 3862 584 3926 lectione
605 3863 698 3943 magis
724 3883 816 3943 quam
835 3865 970 3943 praebent
990 3861 1092 3922 codd:
1117 3864 1179 3922 iere
1200 3881 1312 3931 omues,
1325 3872 1357 3922 et

213 3982 315 4041 Edita:
350 3990 416 4038 tum
441 3999 459 4037 a
484 3979 577 4038 verbo
607 3985 705 4047 metuo,
737 3977 824 4056 cujus
850 3976 1001 4056 propriam
1032 3975 1276 4054 signiiioutionem
1302 3975 1354 4034 In-

211 4096 258 4154 fra
278 4092 424 4152 dabimus.
474 4089 527 4148 Sin
547 4088 641 4148 arim
659 4088 875 4166 legonaum
899 4107 1004 4148 senona
1025 4096 1103 4148 esset
1124 4104 1214 4164 quem
1239 4089 1355 4165 praebet

212 4209 292 4268 Con.
307 4210 365 4268 Me
404 4203 544 4264 '’Mulam
568 4223 635 4273 rem,
659 4202 799 4281 inopiam,
819 4202 944 4271 laboret,
966 4221 1041 4279 quoe
1063 4199 1218 4278 patiuntur
1240 4221 1362 4280 paupe·-

212 4329 290 4380 rea.“
330 4319 390 4380 Sed
412 4320 537 4378 alterum
560 4315 682 4384 melius;
710 4314 787 4374 Vide
808 4311 893 4372 Nota
917 4312 1002 4372 criu

293 4435 326 4486 21
