3250 5217
637 654 942 719 AULULARIA.
1337 657 1381 719 25

195 848 270 922 En.
295 850 364 922 Dii
382 875 438 923 me
454 862 613 924 servant:
638 851 804 924 salvares
823 854 897 925 est!
920 850 1049 924 salvom
1070 863 1135 937 est,
1153 850 1182 924 si
1201 852 1289 949 quid
1308 877 1378 925 non

440 976 543 1072 perit.

293 1098 413 1172 Nimia
432 1101 524 1174 male
543 1101 659 1185 timui,
678 1103 883 1198 priusquam
905 1103 1000 1175 intro
1022 1103 1134 1175 redii!
1155 1104 1381 1177 exanimatus

439 1223 491 1295 fui
503 1226 560 1295 !-
1322 1232 1377 1293 165

291 1347 418 1421 Redeo
435 1349 482 1423 ad
498 1360 545 1434 te,
562 1351 766 1447 Megadore,
785 1352 815 1423 si
832 1338 925 1448 quid
936 1374 993 1423 me
1009 1352 1071 1424 vis.

968 1476 1051 1547 ΜΕ.
1070 1473 1200 1548 Habeo
1214 1475 1376 1572 gratiam.

291 1595 431 1684 Quaeso,
450 1599 543 1695 quod
561 1610 597 1671 te
613 1600 852 1695 percontabor,
870 1624 915 1672 ne
931 1600 970 1672 id
987 1611 1024 1672 te
1041 1600 1162 1697 pigeat
1178 1600 1350 1698 proloqui.

192 1720 267 1793 En.
291 1724 389 1796 Dum
403 1724 554 1821 'quidem
577 1750 622 1796 ne
644 1724 731 1821 quid
752 1726 977 1821 perconteris,
1003 1724 1097 1821 quod
1118 1723 1208 1798 mihi
1227 1751 1300 1798 non
1322 1726 1377 1798 lu-

395 1908 396 1911 .
439 1849 523 1921 beat
537 1848 709 1945 proloqui.
1322 1856 1376 1915 168

192 1973 273 2045 ΜΕ.
289 1971 364 2045 Dio
376 1972 485 2046 mihi:
504 1972 600 2070 quali
616 1998 673 2045 me
686 1973 867 2046 arbitraria
879 1998 1007 2070 genere
1020 1976 1261 2070 prognatum?

1167 2094 1246 2167 En.
1263 2094 1376 2168 Bono.

194 2218 279 2292 ΜΕ.
292 2221 389 2307 Quid
403 2221 498 2295 fide?
1195 2250 1198 2255 ·

419 2346 494 2418 En.
513 2346 623 2419 Bona.

536 2469 621 2544 ΜΕ.
639 2470 742 2556 Quid
759 2470 889 2545 factis?

692 2594 766 2666 En.
785 2594 914 2692 Neque
930 2596 1044 2679 malis,
1065 2620 1180 2692 neque
1196 2598 1375 2694 improbis.

191 2720 277 2791 ME.
290 2722 447 2794 AEtatem
464 2746 578 2794 meam
595 2723 691 2794 sois?

438 2867 440 2875 ·
485 2845 561 2919 Eu.
582 2846 672 2931 Soio,
690 2872 764 2920 esse
779 2848 962 2945 grandem,
980 2847 1106 2921 itidem
1123 2858 1164 2921 ut
1179 2848 1377 2945 pecuniam.

190 2969 275 3043 ΜΕ.
287 2970 395 3045 Certe
413 2971 536 3068 edepol
554 2971 717 3069 equidem
735 2982 772 3044 te
789 2973 902 3044 civem
920 2973 996 3045 sine
1016 2973 1109 3045 mala
1124 2974 1221 3046 omni
1237 2974 1378 3046 malitia

290 3093 435 3192 Semper
453 3120 529 3168 sum
549 3096 753 3180 arbitratum
769 3106 806 3168 et
824 3121 920 3169 nuno
935 3097 1095 3169 arbitror.
1457 3196 1460 3199 ἡ

934 3220 1009 3293 Eu.
1028 3220 1175 3293 Aurum
1193 3218 1277 3293 huie
1292 3221 1376 3294 olet.

234 3424 253 3451 v.
267 3415 306 3453 165.
320 3414 389 3461 Ntmr',
404 3420 425 3455 et
435 3415 528 3463 pr'mqu.
543 3415 774 3465 pronuntiatum-467.
788 3414 821 3454 lte
834 3414 857 3453 B.
867 3416 885 3452 2.
898 3419 920 3453 et
933 3415 959 3454 A„
974 3415 1047 3463 reliqui
1059 3418 1161 3464 percaeca
1178 3420 1215 3455 aut
1224 3418 1377 3464 percum.-

189 3476 227 3515 lta.
241 3476 334 3525 Quinque
349 3477 412 3517 codd.
425 3478 498 3519 ruram
508 3478 542 3516 Ἠ.
554 3480 573 3517 3.
590 3478 661 3520 limate
677 3478 749 3533 reliqui
764 3479 842 3519 motat·
859 3487 940 3527 semper
953 3477 975 3516 in
991 3477 1024 3520 uia
1041 3478 1108 3516 vernia
1126 3477 1215 3517 veriam
1231 3477 1297 3517 lentio.
1324 3476 1378 3515 Vide

189 3537 246 3577 Infra
256 3539 297 3582 ⁴⁰7-
320 3538 420 3577 Caeterum
432 3540 513 3586 quidem
525 3538 573 3578 elisa
588 3538 654 3577 vocali
668 3538 676 3575 ι’
691 3536 836 3587 pronuuuanu
850 3537 909 3583 artai,
925 3537 980 3585 quod
990 3538 1086 3577 mnnulli
1097 3538 1220 3585 abjecerunt,
1234 3541 1264 3576 ert
1275 3540 1345 3586 aperte
1355 3538 1377 3576 in

188 3600 282 3639 omniurn
297 3598 359 3639 codd.
376 3599 480 3649 seriptum
501 3600 527 3639 Η.
540 3602 558 3638 ὅ.
575 3600 636 3639 habet
647 3600 787 3647 perornatam.
813 3595 892 3645 Rapido
906 3595 967 3635 erodo
980 3597 1033 3642 nae,
1049 3600 1073 3635 at
1086 3595 1156 3635 simin.
1171 3606 1218 3644 quoe
1232 3596 1307 3645 μείω
1322 3596 1378 3644 epod

188 3662 286 3701 nostrum
297 3668 411 3709 occurrunt,
428 3664 591 3713 pronuntianda3
604 3673 630 3701 ne
645 3661 706 3701 nimia
717 3662 740 3699 in
751 3661 851 3709 eiusmodi
861 3660 1015 3701 diffimdtatibua
1027 3661 1145 3707 hreneamm,
1161 3660 1238 3699 nedum
1251 3661 1379 3707 contentam

187 3727 265 3761 norman
275 3728 345 3763 eontra
354 3724 417 3763 fldem
424 3724 518 3763 omnium
525 3724 647 3773 scriptorum
659 3722 733 3761 Plauto
742 3718 970 3766 inferoiamua-lttt
982 3722 1010 3759 Η.
1020 3720 1037 3759 1,
1049 3730 1094 3769 noo.
1106 3722 1236 3769 mmm.
1247 3720 1378 3768 inmotum

187 3786 222 3825 sed
237 3786 307 3825 litteris
321 3788 340 3825 ir
351 3787 414 3827 altera
429 3798 493 3826 manu
505 3785 738 3836 ruperamiptia-l'r'l,
749 3784 783 3823 Ita
794 3793 866 3823 omnen
879 3784 942 3824 codd.
956 3794 1029 3831 meon,
1043 3795 1079 3834 per
1091 3786 1157 3824 uranu
1169 3795 1209 3834 pro
1218 3783 1328 3833 monoeyll.
1342 3783 1379 3821 hu-

188 3848 247 3887 bend
272 3848 315 3887 Bo:
329 3850 372 3889 seis
386 3860 451 3889 moom
464 3852 585 3895 ort-172.
599 3850 659 3889 Unus
674 3849 701 3887 H.
714 3850 732 3886 ὅ.
750 3849 794 3887 etna
809 3850 866 3887 arola
877 3850 940 3889 dmm
954 3850 1049 3891 molitio,-
1065 3849 1120 3898 quod
1135 3850 1163 3888 ob
1177 3849 1198 3887 td
1212 3852 1293 3887 tannim
1308 3848 1379 3886 notavi

186 3910 235 3959 quia
246 3912 268 3949 in
279 3922 304 3950 eo
315 3911 370 3951 Vett
384 3913 433 3952 Eud.
446 3913 647 3967 haeserunt—17&-
657 3915 745 3957 Annam,
757 3920 800 3950 nou
811 3911 860 3949 elid.

229 4078 294 4136 171.
334 4069 401 4127 Scio
423 4089 483 4128 eme
503 4070 654 4147 grandem,
681 4068 756 4147 ete]
847 4075 912 4133 173.
952 4066 1062 4125 Aurum
1088 4066 1155 4126 huic
1185 4063 1267 4144 olet]
1307 4036 1403 4164 ‘Hei

189 4164 283 4223 Ludit
299 4164 331 4221 in
350 4182 422 4222 voce
437 4163 587 4241 grandem,
609 4162 694 4241 cujus
712 4172 756 4221 est
806 4173 904 4223 scents
922 4183 973 4240 my
986 4162 1075 4240 gold.'
1116 4162 1220 4234 Quasi,
1241 4162 1377 4247 odorepse

188 4259 299 4338 duplex
319 4258 494 4337 significatio
517 4269 608 4337 prout
626 4259 665 4316 ad
685 4265 755 4316 oeto-
805 4278 913 4318 aurum
933 4256 1043 4337 prodit.
1068 4257 1159 4315 Fauo.
1200 4256 1377 4327 Translatio,

188 4362 250 4423 tem,
264 4354 313 4413 vel
325 4374 384 4411 rem
398 4352 587 4411 nummariam
601 4353 754 4412 referatur.
805 4372 871 4432 pro,
890 4351 952 4411 Hie
968 4370 1074 4409 aurum
1093 4350 1250 4421 odoratur;
1270 4370 1377 4409 aurum

188 4449 268 4508 Vide
282 4448 380 4527 Supra
396 4448 459 4507 uu
475 4450 514 4507 G.
805 4466 854 4503 me
868 4446 978 4503 habere
992 4445 1089 4502 sentit.
1131 4444 1234 4502 Lanu.
1264 4444 1376 4502 Eadem

287 4565 305 4615 4
