3250 5217
245 586 312 648 212
574 600 711 652 INDEX
738 599 784 652 ΙΝ
811 597 1105 651 AULULARIAM.

245 776 382 854 Polypos.
405 783 470 835 155.

244 887 344 944 Pone!
366 893 432 956 591.

243 997 330 1075 Popli
343 997 552 1075 prostibulum.
573 1006 640 1058 241.

242 1106 415 1184 Populares.
437 1105 503 1168 360.

242 1218 408 1277 Porcinam.
430 1218 587 1296 (carnem.)
608 1225 675 1286 329·

241 1330 375 1390 Poscere.
396 1329 496 1408 proin
506 1330 655 1410 poscendo.
681 1337 750 1400 295.

241 1438 366 1498 Possies.
385 1459 442 1518 pro
450 1439 554 1537 possis.
575 1447 642 1507 704

242 1555 320 1612 Post.
340 1574 396 1632 pro
405 1560 515 1632 posteo.
543 1561 610 1614 380.

242 1665 322 1723 Post.
344 1663 563 1744 (Aflermords.)
585 1664 651 1732 706.

242 1773 316 1832 Post
327 1773 440 1833 itidem.
461 1781 507 1843 79.

242 1890 405 1949 Postremo.
426 1890 480 1966 (At
494 1889 575 1968 lost.)
596 1889 664 1949 611.

189 2035 194 2042 ·
242 2002 412 2062 Postumus.
435 2001 592 2080 (Nomen.)
615 2009 680 2062 121.

242 2115 355 2174 Potem.
381 2135 436 2193 pro
445 2114 558 2194 potabo.
579 2123 645 2176 525.

154 2234 163 2246 '
242 2228 310 2286 Prae
325 2249 424 2306 quam.
444 2228 511 2289 461.

244 2340 373 2400 Praeberi
385 2341 475 2419 ligna.
496 2341 563 2401 366.

242 2451 407 2511 Praeoidam
420 2453 562 2532 linguam.
586 2453 650 2513 146.

242 2565 430 2623 Praecurram
442 2565 523 2624 illuc.
542 2564 611 2625 632.

242 2675 401 2736 Praedicas.
420 2675 486 2736 642.

243 2785 383 2845 Praedieo.
397 2785 479 2844 -is.
498 2785 547 2844 60.

244 2900 422 2958 Praefectum
434 2898 576 2957 moribus.
596 2905 663 2958 458.

243 3012 455 3089 Praegnmtem
467 3011 581 3070 fecerit
604 3019 670 3070 120.

243 3124 429 3202 Praesagibat
441 3125 566 3183 animus.
590 3131 654 3184 135.

243 3235 453 3312 Praesegmina.
474 3235 540 3295 268.

244 3348 381 3407 Proesens
390 3367 447 3426 pro
456 3347 612 3424 preterito.
633 3356 700 3408 423.

245 3456 454 3535 Praestigiator.
476 3464 540 3516 584.

244 3569 413 3626 Praetorem.
438 3573 503 3633 272.
525 3567 591 3634 716.

245 3682 388 3743 Prehensi
402 3682 501 3740 simus
524 3683 589 3749 706.

245 3795 337 3854 Pretii
349 3793 443 3872 parvi.
464 3800 530 3860 747.

244 3911 374 3974 Pridem.
394 3909 461 3976 267·
481 3917 548 3976 271.

244 4023 304 4080 Pro
318 4021 410 4100 copia.
435 4021 501 4091 496.

244 4130 305 4189 Pro
318 4149 358 4188 re.
380 4129 446 4198 496.

244 4244 389 4302 Probasse
403 4262 506 4320 nugas.
528 4248 593 4308 783.

245 4355 430 4432 Prodegeris.
451 4362 515 4415 334.

866 774 1002 833 Profesto
1017 774 1105 851 (die).
1125 781 1192 834 335.

867 886 1060 945 Prohibessis.
1082 884 1148 945 565.

867 1003 1031 1080 Properate
1043 1019 1182 1079 propero.
1205 1006 1268 1060 138.
1392 1051 1396 1055 ,

868 1112 997 1190 Propere
1009 1129 1139 1190 propero
1150 1129 1279 1170 currere.
1303 1117 1372 1176 347.

865 1226 1040 1304 Propinqua
1052 1225 1212 1302 partitudo.
1232 1223 1280 1284 36.

867 1335 994 1414 Propols
1006 1336 1159 1395 linteones.
1180 1333 1247 1394 466.

867 1452 1047 1528 Prorogatur
1060 1471 1135 1529 spes.
1154 1449 1222 1510 486.

866 1561 1070 1621 Prostibulum
1082 1561 1174 1640 popli.
1194 1569 1262 1620 241.

866 1674 1044 1731 Proxumum
1072 1672 1129 1732 tibi
1154 1693 1203 1731 me
1229 1669 1364 1748 mihique
1389 1680 1431 1730 te.

925 1790 971 1852 89.

868 1896 982 1953 Pumex
995 1913 1056 1952 non
1068 1915 1155 1972 aeque
1168 1894 1278 1954 aridus.
1299 1902 1365 1954 253.

866 2007 1007 2066 Pulcram
1019 2005 1153 2084 praedam
1165 2016 1242 2084 agot.
1264 2006 1329 2067 564.

866 2122 1069 2180 Pulmentum.
1088 2128 1156 2186 271.

868 2231 981 2291 Punioa
992 2231 1114 2289 laterna.
1137 2238 1203 2290 521.

866 2341 947 2399 Pure
960 2339 1081 2398 vascula
1093 2359 1230 2418 propera.
1250 2339 1317 2401 226.

866 2448 1034 2526 Purgitaut.
1059 2455 1125 2513 710.

868 2561 1036 2638 Purpuram
1051 2570 1142 2637 atque
1155 2579 1272 2620 amum.
1294 2568 1363 2622 454

868 2672 994 2731 Putatur
1007 2671 1092 2730 ratio.
1113 2678 1179 2731 482.

787 2779 790 2788 ’
868 2783 970 2843 Puteo.
990 2792 1057 2854 319.

868 2896 1005 2956 Puteum.
1025 2905 1092 2956 301.

867 3229 937 3308 Qua
948 3231 1052 3307 gratia.
1073 3119 1162 3300 389.Q

867 3344 1089 3417 Quadrilibrem
1103 3346 1208 3404 aulum.
1230 3345 1295 3414 766·
1311 3354 1377 3414 ⁷77.

867 3460 944 3533 Quae
957 3479 1004 3517 res
1017 3448 1098 3518 reete
1111 3470 1215 3519 vortat.
1239 3467 1303 3526 175.

867 3571 993 3644 Quaesti.
1013 3590 1069 3648 pro
1082 3579 1216 3650 quorsus.
1238 3578 1283 3630 44.

867 3680 967 3758 Quam
992 3701 1136 3759 proxume
1165 3690 1228 3738 tam
1257 3690 1427 3757 optumum.

927 3802 992 3863 193.

867 3909 966 3982 Quam
979 3928 1041 3967 rem
1055 3928 1158 3986 geram
1171 3907 1241 3966 seio.
1262 3906 1328 3968 368.

867 4017 1005 4091 Quando.
1026 4038 1114 4079 sensu
1123 4027 1284 4099 postquam.
1307 4021 1339 4078 P.
1353 4030 1381 4090 9.

867 4128 1022 4201 Quantum
1035 4141 1087 4190 est
1109 4139 1175 4198 742.

867 4241 1021 4314 Quantum
1031 4253 1145 4321 potero,
1159 4252 1283 4301 tuntum.
1308 4251 1355 4303 80.

867 4353 959 4425 Quasi
975 4376 1031 4432 ego
1045 4355 1148 4414 servio.
1174 4362 1239 4420 547.
