3250 5217
565 562 569 567 ’
624 584 929 649 Auruncum.

283 784 327 855 Iu
353 808 520 855 maxuma
544 783 635 855 illaec
659 781 955 982 poffWe
933 792 986 854 est
1009 791 1176 878 optuma;

803 918 854 981 tro

285 909 330 980 In
355 910 512 1006 pauciori
537 909 649 982 avidis
672 908 762 982 alter
880 917 955 993 est;

283 1028 448 1115 Quorum
474 1030 601 1103 animis
622 1028 735 1102 avidis
758 1039 865 1123 atque
890 1028 1153 1100 insatietatibus
1197 1111 1199 1116 ¹

284 1154 413 1251 Neque
437 1155 497 1227 lex
513 1180 630 1250 neque
650 1164 748 1227 tutor
774 1179 896 1250 capere
919 1164 972 1226 est
995 1155 1057 1250 qui
1079 1154 1190 1251 possit
1212 1153 1367 1226 modum.

282 1276 451 1375 Namque
475 1277 541 1352 hoc
565 1280 627 1375 qui
650 1278 767 1351 dicat:
803 1277 888 1364 Quo
913 1277 984 1350 illae
1008 1279 1146 1351 nubent
1166 1279 1294 1352 divites
1359 1322 1361 1327 ·

284 1402 443 1488 Dotatae,
467 1404 497 1476 si
522 1403 620 1476 istud
636 1407 697 1499 jus
718 1403 931 1499 pauperibus
955 1405 1127 1500 ponitur?

285 1527 364 1612 Quo
386 1528 519 1613 lubeat,
541 1530 691 1613 nubant,
717 1528 802 1601 dum
829 1528 892 1601 dos
917 1552 963 1600 ne
988 1528 1052 1601 fiat
1077 1553 1202 1601 comes.
1312 1544 1368 1596 445

288 1653 371 1727 Hoc
396 1656 425 1727 si
450 1657 503 1728 ita
528 1656 611 1728 fiat:
637 1679 749 1727 mores
772 1653 933 1726 meliores
959 1654 1027 1725 sibi

287 1780 431 1861 Parent,
454 1804 517 1876 pro
542 1780 624 1852 dote
649 1804 736 1876 quos
762 1776 889 1863 ferant,
913 1802 1019 1874 quam
1044 1802 1140 1850 nunc
1165 1776 1296 1850 ferunt.

234 2002 252 2029 v.
265 1992 306 2030 439.
331 1991 364 2029 Sic
375 1992 425 2031 dant
434 2002 506 2031 omnes
517 1992 586 2031 Nostri
596 1990 701 2031 etvindd
713 1995 735 2031 et
745 1990 829 2029 sicAld.
839 1994 860 2029 et
870 1990 936 2029 Parm.
961 1991 1094 2039 Recentiores,
1106 1992 1262 2040 poctdamerar:
1274 1994 1372 2033 exhibent

188 2056 216 2093 lu
230 2065 350 2095 0000010000»
362 2055 413 2095 illue
425 2056 498 2104 populi
510 2058 594 2104 parum
608 2058 637 2094 cu
649 2058 766 2103 opulorum
783 2054 818 2091 aed
827 2056 872 2101 iure
884 2053 947 2102 quaerl
958 2057 1026 2102 potest
1038 2064 1071 2099 an,
1084 2058 1116 2093 tot
1128 2054 1206 2103 scriptis
1218 2054 1371 2105 refragantibus,

186 2116 241 2166 [ipse
255 2117 394 2167 duodeviginti
408 2116 559 2166 diligerrduimc
573 2120 674 2155 scrutatus
686 2117 750 2165 sum‚]
765 2116 858 2155 habenda
873 2116 899 2154 rit
913 2115 958 2153 hec
973 2125 1009 2164 pro
1025 2116 1121 2155 Plautina
1135 2114 1227 2162 lectione,
1245 2126 1271 2155 an
1287 2116 1373 2164 alicujus

188 2180 311 2229 lumpreda,
327 2182 362 2230 qui
375 2192 418 2220 non
430 2180 552 2220 intellexerit
564 2190 661 2229 quorsum
673 2190 715 2218 vox
726 2180 779 2219 idac
790 2180 992 2227 pertineret-440.
1005 2180 1033 2216 lu
1040 2179 1142 2227 pauciori,
1155 2180 1229 2218 itemm
1241 2180 1371 2219 consentiunt

189 2251 261 2280 omnes
268 2241 329 2279 codd
343 2242 415 2281 auidos
423 2245 493 2279 autem
500 2240 577 2278 babent
588 2240 615 2277 H.
626 2242 642 2277 l.
655 2239 681 2278 V⁴
692 2241 709 2277 1.
724 2244 753 2288 (et
760 2240 785 2277 lt
796 2242 804 2277 1
812 2252 818 2285 ;
830 2239 864 2279 sed
874 2240 941 2279 littera
948 2240 957 2277 1
966 2240 1113 2289 supersoripu.)
1138 2240 1186 2278 Fuit
1196 2251 1276 2289 quoque
1286 2240 1308 2279 in
1318 2240 1343 2279 R.
1352 2243 1370 2288 2,

189 2302 287 2351 scriptum
296 2304 415 2352 paucimos
428 2303 463 2343 sed
475 2303 539 2341 altere
552 2312 616 2340 manu
629 2302 827 2351 corrigitur—441.
840 2304 873 2342 Ita
887 2313 958 2342 omnes
973 2302 1035 2341 codd.
1049 2308 1071 2341 et
1086 2302 1135 2341 Edd.
1151 2302 1197 2341 nid.
1215 2303 1283 2343 Porm.
1300 2304 1371 2344 Lemb.

189 2366 357 2415 aliique—442.
371 2368 456 2413 Possint,
471 2366 498 2404 H.
507 2368 524 2403 d.
550 2366 577 2404 Et
586 2376 624 2415 pro
635 2368 691 2405 tutor
701 2367 797 2406 mendose
806 2367 903 2405 nonnulli
912 2370 984 2409 soum
996 2368 1031 2406 sed
1041 2367 1086 2406 hec
1094 2371 1143 2406 sunt
1153 2368 1210 2417 parvi
1220 2368 1373 2407 momenti—-

190 2432 250 2469 tm.
263 2432 296 2470 Ita
306 2432 397 2470 Recentt
410 2430 470 2478 longe
484 2433 554 2468 eutem
566 2429 625 2467 diter
639 2430 703 2468 nocui
718 2430 780 2469 codd.
793 2440 881 2478 quorum
895 2429 995 2477 lectiones,
1012 2431 1060 2470 licet
1072 2431 1177 2469 nonnullis
1189 2432 1275 2480 longum
1290 2431 1374 2475 fortusse

190 2495 288 2542 videatur,
297 2506 363 2545 operae
370 2494 408 2533 erit
414 2495 438 2533 in
445 2494 491 2533 1000
498 2498 541 2532 tam
549 2493 650 2542 exagitato
657 2493 757 2532 exhibere.
782 2494 885 2544 Impn'rnis
892 2505 929 2543 pro
938 2496 1037 2542 Namque,
1046 2505 1117 2533 omnes
1126 2495 1176 2534 dant
1183 2497 1265 2543 Neque:
1274 2495 1374 2535 caemrum

191 2558 316 2595 0000000100.
333 2557 375 2595 lis.
391 2557 453 2596 habet
466 2557 522 2595 Num
532 2557 568 2595 boc
579 2556 616 2604 qui
625 2556 687 2601 dicat,
699 2555 774 2601 addito,
788 2555 882 2603 “obiicit
893 2556 931 2595 sibi
941 2555 999 2605 ipui,²¹
1010 2556 1052 2595 scil.
1066 2556 1191 2605 Megadorus
1216 2557 1274 2603 Quod
1285 2558 1376 2607 sequitur

190 2624 272 2665 autemc
283 2621 335 2667 Pel,
348 2620 457 2661 habetdeo
467 2620 519 2668 quid
529 2620 597 2661 dicat:
610 2620 632 2666 c,
645 2621 682 2659 hoc
692 2620 834 2667 muriunt,-
847 2620 873 2658 H.
883 2621 900 2666 l,
913 2622 957 2659 boec
966 2621 1003 2667 qui
1013 2621 1084 2663 dicutr
1097 2622 1122 2660 A.
1131 2626 1152 2661 et
1163 2622 1217 2668 Ed,
1230 2624 1266 2661 icoc
1277 2624 1314 2671 qui
1324 2624 1375 2666 dat:

192 2684 272 2734 Reliqui
285 2696 356 2725 omnes
370 2687 407 2725 boc
421 2686 458 2733 qut
472 2685 621 2725 dicat—444.
635 2684 769 2723 consentiunt
782 2685 857 2724 iterum
873 2684 934 2723 Oodd.
951 2689 971 2724 et
985 2685 1035 2724 Edd.
1052 2686 1106 2725 vett.
1122 2686 1144 2725 in
1155 2688 1242 2727 lectione
1255 2690 1333 2728 notata
1344 2700 1375 2729 cr.-

191 2748 247 2787 ictuc
259 2752 296 2787 etc
310 2748 372 2797 (quod
383 2748 412 2788 dc
422 2749 511 2797 explicat
522 2748 646 2786 coutetur.
656 2746 698 2785 Mu.
724 2748 800 2787 Dototo
810 2760 844 2788 es.-
858 2751 872 2770 ‘¹
878 2748 994 2797 Respondet
1004 2748 1043 2788 sibi
1053 2750 1111 2799 ipsi'·
1134 2751 1195 2791 Istud
1199 2754 1237 2799 juo
1246 2758 1284 2791 etc.
1311 2753 1377 2792 “Hoc

190 2813 246 2862 quod
261 2813 307 2853 dico
321 2814 409 2863 pertinet
420 2814 447 2853 ed
461 2823 558 2863 pauperes
570 2822 616 2861 quoe
631 2822 673 2850 nou
689 2812 765 2851 habent
783 2814 879 2857 dotem.'')
904 2814 963 2861 Quod
981 2814 1003 2852 in
1017 2818 1075 2854 textu
1090 2816 1143 2862 dedi,
1162 2816 1242 2865 planius
1257 2818 1340 2865 quidem
1355 2823 1377 2859 et

191 2875 255 2923 magis
267 2876 402 2924 perspicuum,
417 2876 451 2913 aed
463 2885 532 2913 vereor
542 2885 569 2913 ne
580 2874 667 2913 alterum
679 2874 705 2914 sit
716 2886 785 2914 revera
796 2876 921 2922 Plautinum,
935 2876 1035 2925 simulque
1043 2878 1106 2927 magis
1117 2889 1207 2926 personae
1219 2879 1300 2918 seorsim
1308 2892 1376 2921 secum

192 2940 309 2980 deliberanti
323 2938 537 2978 conveniens—445.
551 2938 592 2977 Pro
607 2938 679 2983 lubeat,
696 2937 773 2976 habent
780 2939 872 2986 tubraci,
890 2938 936 2977 ltee
947 2939 1023 2979 Vindd.
1036 2944 1057 2979 et
1069 2941 1175 2979 duodecim
1191 2941 1260 2982 Nostri
1271 2944 1333 2983 Oodd
1348 2948 1378 2992 (et

190 3002 220 3042 ita
230 3002 280 3041 ildd
292 3002 340 3040 Ali.
351 3006 373 3041 et
384 3001 460 3045 Parm)
473 3001 527 3050 apud
538 2999 625 3048 reliquos
636 3003 730 3048 corrupte
741 2999 894 3048 legium-dum
904 3001 941 3039 doe
952 3010 983 3047 ue,
996 3011 1071 3040 ornnes.

232 3174 298 3226 440.
338 3167 377 3224 In
398 3166 531 3247 pauciori
554 3164 657 3234 avidis,
686 3166 761 3244 eto]
810 3165 867 3224 hoc
883 3166 972 3223 modo
991 3165 1188 3244 supplendus:
1211 3169 1286 3226 “Ac
1301 3169 1376 3228 bene

196 3263 346 3324 Sententia
377 3273 431 3333 est,
465 3282 525 3320 non
558 3271 604 3319 est
636 3260 761 3318 dubium
810 3278 858 3317 res
872 3278 902 3317 se
916 3258 957 3316 ita
973 3258 1263 3339 baberet-nomque,
1284 3262 1377 3340 siquis

196 3360 269 3438 quin
287 3360 311 3417 si
328 3360 385 3418 hoc
399 3359 458 3427 fiat,
478 3356 560 3436 quod
572 3356 649 3424 dico,
667 3354 762 3432 major
811 3352 941 3429 objiciat,
960 3353 991 3410 in
1005 3374 1094 3431 quam
1108 3354 1248 3415 familiam
1263 3359 1378 3416 nubent

195 3475 263 3532 pars
278 3454 382 3532 populi
399 3455 560 3531 probatura
577 3450 629 3508 sit:
650 3458 763 3507 restant
810 3448 869 3505 illae
907 3448 1014 3506 dotatae
1048 3449 1179 3526 virgines
1187 3451 1376 3523 ?—Nubant,

197 3569 277 3608 nunc
301 3550 389 3628 pauci
415 3548 587 3626 locupletes,
616 3555 646 3603 et
671 3544 761 3612 avari,
811 3544 943 3621 inquam,
964 3544 1071 3614 ubivis,
1093 3545 1182 3603 modo
1200 3566 1239 3606 ne
1263 3547 1316 3606 dos
1333 3569 1377 3607 se·

198 3643 376 3720 quibuscum
399 3642 473 3699 mibi
494 3641 693 3702 controversia
715 3641 761 3698 fu·
813 3640 948 3715 quatur.’'
988 3637 1069 3697 Vide
1089 3638 1174 3697 Nott.
1195 3639 1279 3698 Critt

195 3749 265 3795 tura
283 3748 336 3805 est,
358 3738 410 3814 qui
429 3737 487 3795 hoc
505 3757 565 3794 non
584 3736 762 3814 probabunt·
852 3759 917 3811 445,
960 3750 1022 3817 Quo
1049 3751 1144 3811 lubeat
1170 3752 1306 3832 nubant]
1340 3755 1378 3813 Id

198 3837 300 3895 [ΔΜΒ.
329 3833 584 3893 Caetkrumavidt't
606 3832 664 3901 hic,
689 3842 719 3890 et
731 3832 763 3890 111
812 3847 945 3916 est,111ae
959 3848 1067 3907 diuites
1080 3849 1196 3907 nubant
1208 3849 1261 3906 ubi
1274 3850 1376 3921 velint,

198 3953 226 3989 V·
248 3951 341 4007 ⁸0qu
363 3939 408 3988 esi
430 3949 485 4006 P1'0
503 3926 612 3996 avaris,
635 3926 764 3985 81011111
811 3942 901 4000 modo
926 3963 987 4000 non
1011 3944 1139 4001 habeant
1165 3941 1273 4011 dotem,
1302 3944 1379 4003 sicut

199 4030 277 4089 Prol.
292 4050 320 4086 v.
334 4038 362 4099 9.
384 4024 503 4083 “Anido
514 4024 660 4101 ingessi⁰·''
811 4058 967 4116 pauperes,
992 4049 1021 4096 et
1038 4049 1109 4097 tuno
1130 4048 1218 4096 erunt
1237 4036 1310 4098 mihi
1328 4061 1377 4099 eo-

237 4168 304 4219 443.
344 4156 477 4234 Namque
504 4153 554 4211 hoo
581 4150 631 4231 qui
657 4150 762 4229 dicat]
812 4134 880 4193 dem
891 4136 959 4214 jure
974 4135 1054 4212 quod
1068 4133 1143 4193 dico.
1183 4137 1260 4195 eoa.
1275 4138 1333 4195 Ma.

199 4254 348 4333 Elliptice‚
381 4261 416 4310 ut
448 4250 588 4309 Graeoum
620 4246 686 4327 γάρ,
719 4258 776 4306 est·
852 4253 916 4311 447.
962 4244 1024 4302 Pro
1057 4244 1119 4301 dote
1150 4265 1219 4323 quos
1240 4246 1376 4326 ferant]

199 4370 318 4429 nomque
332 4349 362 4407 h.
372 4349 392 4407 1.
410 4346 596 4415 sumendum,
617 4354 648 4404 et
661 4342 768 4405 sensus
813 4340 893 4400 Vide
907 4340 1005 4417 Supra
1019 4336 1083 4409 196.
