3250 5217
568 553 620 616 IN
645 551 995 616 Antoniumn.
1279 551 1342 635 1⁶7

204 749 349 817 culorum,
372 756 403 804 et
424 746 520 824 majus
543 756 596 804 est.
637 747 746 804 Contra
762 744 850 802 Con:
873 744 941 802 Ms:
967 710 1203 815 “Sarcindtorer,
1224 741 1276 820 qui
1297 761 1346 800 ve·
1369 738 1371 742 ’

204 859 281 916 hunt
293 857 428 916 sarcinas
446 857 476 914 in
490 855 659 916 curribus.“
698 853 778 914 Citat
792 854 864 914 Cod.
879 854 920 913 H.
934 853 962 913 6.
981 855 1013 912 in
1026 873 1119 932 marg.
1134 853 1236 933 Papiae
1250 855 1346 913 Gloss.

204 969 365 1041 ”Sarcina,
391 988 490 1038 onera,
516 969 680 1049 pondera.“
720 966 923 1026 Nihilominus
943 965 1073 1044 priorem
1097 966 1177 1025 vocis
1200 966 1346 1044 significa-

204 1081 324 1150 tionem,
344 1079 402 1139 hoc
422 1080 525 1140 saltem
544 1080 618 1150 loco,
639 1092 674 1140 ut
693 1079 787 1158 magis
807 1078 943 1138 idoneam
962 1077 1179 1157 praeferendam
1198 1078 1309 1137 censui.

259 1267 327 1327 470.
375 1250 614 1348 strophiarii]
670 1257 941 1321 Rodiae-maheru.
994 1261 1075 1320 Infra
1101 1269 1167 1320 480.
1219 1261 1347 1330 Nonius,

207 1383 278 1461 Cap.
293 1382 380 1442 XIV.
394 1389 421 1443 8.
442 1381 639 1462 ''Strophium,
653 1392 697 1441 est
709 1383 800 1442 fascia
812 1381 921 1450 brevis,
935 1401 1003 1458 quae
1013 1380 1189 1456 virginalem
1201 1390 1349 1439 tumorem

205 1497 324 1556 cohibet
352 1497 563 1576 papillarum.“
603 1497 646 1574 (A
674 1497 863 1575 stomacher.)
904 1495 1010 1554 catull.
1039 1496 1135 1554 Carm.
1162 1496 1209 1556 62.
1250 1498 1350 1554 “Non

204 1611 291 1669 tereti
310 1608 437 1688 strophio
449 1609 590 1669 lactentes
604 1609 703 1668 vincta
715 1609 867 1686 papillas.'’
895 1606 994 1666 Graeci
1007 1609 1113 1663 ταινίαν
1125 1617 1240 1666 vocant.
1274 1607 1350 1666 Hoec

207 1743 244 1781 ex
268 1724 347 1782 Pru:
376 1723 447 1781 Lex.
475 1721 573 1782 Plaut.
597 1721 649 1781 ubi
672 1721 759 1800 plura
786 1719 896 1779 videsis
921 1718 952 1777 in
974 1720 1030 1779 hac
1053 1740 1133 1780 voce.
1167 1721 1259 1779 Con:
1280 1722 1348 1780 Ms:

205 1830 420 1912 ”Strophiomi,
441 1832 494 1911 qui
513 1831 627 1892 faciunt
646 1831 766 1909 cingula
785 1829 873 1888 lata.“

269 2061 320 2074 ...
377 2013 634 2101 Semizonarii]
685 2017 950 2102 Apron-moltero.
1003 2025 1065 2096 Qui
1098 2026 1219 2085 ronulas
1251 2027 1350 2087 minus

208 2142 331 2202 dimidio
344 2144 426 2212 latas,
447 2162 538 2221 quam
548 2142 629 2220 justa
642 2161 718 2200 zona
730 2151 784 2211 est,
797 2141 925 2201 faciunt:
947 2163 1015 2220 quae
1027 2142 1203 2203 semicinctio
1217 2143 1349 2224 (kirtles)

208 2255 357 2316 dicuntur.
399 2255 476 2314 Pru.
517 2235 664 2313 Caeterum
691 2254 790 2312 codd:
825 2255 1024 2322 remirouarii;
1052 2268 1082 2316 et
1108 2259 1150 2318 sic
1176 2262 1261 2319 Con:
1284 2262 1348 2320 Ms:

207 2365 430 2436 '’Semironorii,
451 2365 503 2445 qui
522 2366 637 2424 faciunt
656 2365 757 2424 stricta
777 2365 928 2442 cingula.“
949 2414 954 2423 .

263 2559 328 2618 na.
376 2543 555 2637 Tacent]
601 2556 681 2616 vine
695 2556 779 2615 Non.
820 2557 988 2616 siccatur.
1004 2560 1035 2616 c.
1052 2560 1105 2618 rx.
1120 2569 1147 2620 a.
1177 2561 1351 2620 “omnibus

207 2677 281 2736 meis
301 2675 403 2736 amicis
419 2677 561 2735 antistans
582 2677 656 2734 mihi
674 2677 806 2736 millibus
823 2678 984 2737 trecentir.''
1004 2679 1023 2737 i.
1037 2700 1062 2738 e.
1082 2700 1198 2741 summo
1214 2683 1263 2740 vix
1279 2703 1352 2742 enu-

208 2789 355 2849 meranda.
397 2789 439 2848 Et
453 2789 577 2868 lllfiu.
612 2789 735 2849 “Simul
755 2791 910 2870 complexa
928 2802 1010 2851 tenet
1025 2797 1190 2852 trecentor.”
1218 2796 1263 2855 Ib.
1278 2797 1351 2857 Xll.

86 2907 90 2916 “
210 2909 230 2936 “
241 2899 512 2979 Hendecasyllabos
526 2909 663 2960 trecentos
675 2903 825 2980 expecta.''
865 2903 939 2960 Hor.
953 2902 1011 2961 Od.
1025 2902 1085 2960 111.
1101 2924 1143 2962 iv.
1156 2912 1203 2974 79.
1233 2908 1352 2964 “Ama-

209 3023 303 3072 torem
323 3021 455 3072 trecentoe
476 3013 643 3072 Pirithoum
666 3013 805 3072 cohibent
825 3016 961 3073 catenae.''
1003 3015 1047 3073 ld.
1069 3017 1130 3074 Sat.
1152 3015 1194 3075 II.
1215 3036 1266 3076 111.
1287 3019 1350 3078 116.

210 3128 345 3186 “Positis
362 3129 443 3187 intus
463 3126 531 3185 Chii
553 3129 722 3205 veterisque
744 3126 863 3186 Falerni
883 3127 967 3186 Mille
984 3129 1074 3197 cadis,
1095 3129 1182 3206 (nihil
1203 3132 1273 3207 est,)
1294 3140 1351 3189 ter·

210 3247 317 3300 centum
337 3239 496 3298 millibus.’'
536 3239 597 3297 Ubi
617 3237 774 3297 maximam
796 3237 911 3316 copiam
931 3239 997 3297 vult
1015 3238 1178 3316 designare.

273 3461 323 3474 ..
371 3413 613 3512 Phylaclstae.]
660 3419 769 3481 Dum.
821 3425 902 3484 Dieti
930 3447 947 3484 a
973 3425 1119 3501 φυλάσσω,
1154 3429 1224 3505 quia
1251 3431 1352 3488 “atria

211 3547 356 3614 servant,”
377 3543 458 3622 quod
475 3543 517 3601 ait
535 3543 639 3601 Horat.
658 3543 696 3601 de
714 3542 881 3612 clientibus,
901 3543 960 3621 Ep.
975 3544 1000 3600 1.
1015 3563 1044 3601 v.
1063 3552 1109 3602 31.
1151 3546 1353 3625 Metaphorice

209 3671 309 3716 autem
331 3677 389 3714 vox
409 3667 510 3715 nostro
533 3656 598 3715 loco
619 3666 788 3733 usurpatur,
811 3675 880 3713 cum
900 3656 938 3713 sit
952 3658 1083 3735 proprie,
1104 3666 1203 3715 custos
1219 3660 1351 3731 carceris,

212 3775 244 3851 (a
259 3774 370 3852 jailer,)
389 3773 442 3852 qui
463 3793 562 3832 servos
583 3772 614 3830 in
632 3771 790 3848 ergastulo,
814 3771 844 3828 h.
858 3792 883 3830 e.
901 3771 1038 3851 phylace,
1060 3773 1163 3851 [Capt.
1178 3773 1263 3853 dan]
1283 3794 1352 3834 con-

212 3888 354 3946 servabat.

268 4081 334 4139 473.
382 4063 611 4157 Limbuarii.]
659 4071 895 4133 Luce-molcers.
944 4077 1021 4152 (Alii
1045 4077 1218 4145 limbolorr'i;
1239 4091 1270 4140 et
1290 4081 1352 4141 lim-

212 4193 337 4266 bulorr'i3
369 4194 449 4254 Vide
477 4197 558 4253 Nott.
586 4195 671 4254 Critt.
701 4194 785 4252 Prin:
816 4196 888 4254 Lex.
916 4196 1013 4259 Plaut.
1047 4196 1224 4266 limbororir‘;
1257 4210 1287 4260 et
1312 4203 1354 4261 ita

213 4305 301 4365 Non:
324 4307 401 4365 Vide
425 4306 531 4385 Infra.)
573 4307 627 4365 Est
649 4329 667 4364 a
693 4305 804 4377 limbus,
828 4309 859 4385 (a
882 4309 988 4387 fringe,
1009 4308 1108 4388 hem;)
1130 4311 1216 4390 cujus
1236 4323 1353 4374 textura
