3250 5217
621 614 915 679 AULULARIA

235 823 237 826 ·
279 804 364 879 Tibi
381 807 438 879 eui
455 805 635 880 decretum
652 819 706 881 est
722 809 841 882 bibere
858 810 1003 904 aquam!

287 1019 290 1026 ,
467 1010 536 1051 m
681 1003 739 1049 m,
843 933 921 1006 Eu.
942 930 1242 1073 Sciwmrem
1258 939 1361 1025 agat:

278 1058 338 1131 Ut
362 984 599 1157 meadepoddt
659 1085 716 1145 no,
741 1085 819 1132 eam
844 1028 1127 1132 affeiiai'uam:
1305 1069 1361 1122 530

281 1181 373 1256 Post
398 1183 474 1269 hoc,
501 1183 594 1281 quod
618 1182 741 1269 habeo,
766 1196 808 1257 ut
834 1193 1027 1257 commutet
1052 1181 1241 1267 coloniam3

280 1307 362 1405 Ego
387 1308 426 1380 id
448 1311 598 1382 cavebot
624 1334 706 1381 nam
732 1310 862 1382 alicubi
886 1308 1087 1382 abstrudam
1110 1307 1203 1380 foris.

281 1433 364 1531 Ego
390 1434 472 1509 faxo
498 1446 535 1509 et
560 1462 700 1533 operam
723 1448 760 1509 et
785 1436 907 1508 vinum
933 1427 1127 1533 perdiderit
1149 1433 1264 1506 simul.

183 1559 268 1635 ME.
280 1560 372 1658 Ego,
399 1564 468 1635 nisi
494 1564 581 1659 quid
605 1565 658 1637 vis
680 1589 749 1649 me,
773 1589 813 1636 eo
838 1560 1009 1649 lavatum,
1035 1573 1077 1634 ut
1103 1560 1312 1633 sacruficem.

182 1684 257 1758 EU.
280 1685 423 1784 Edepol
445 1713 499 1759 nae
525 1699 577 1774 tu,
604 1688 715 1776 Aula,
738 1689 871 1763 multos
895 1690 1055 1761 inimicos
1080 1686 1198 1772 habes,
1307 1699 1362 1753 535

280 1811 408 1911 Atque
433 1816 526 1887 istuc
549 1841 685 1901 aurum,
712 1817 806 1913 quod
828 1817 897 1889 tibi
922 1815 1161 1890 concreditum
1185 1816 1258 1887 est!

278 1937 389 2012 Nune
413 1938 479 2014 boe
504 1940 594 2013 mihi
616 1941 715 2015 factu
740 1953 794 2016 est
820 1960 1018 2040 optumum,
1044 1953 1086 2014 ut
1111 1953 1147 2013 te
1171 1939 1338 2024 auferam,

279 2062 388 2149 Aula,
411 2066 449 2136 iu
476 2066 584 2140 Fidei
608 2065 743 2150 fanum,
768 2068 832 2139 ubi
857 2067 1061 2139 abstrudam
1085 2067 1205 2163 probe.

281 2187 404 2274 Fides,
429 2192 559 2265 novisti
584 2217 642 2264 me
667 2203 704 2265 et
729 2218 794 2289 ego
820 2203 876 2265 te:
903 2217 985 2266 cave
1010 2194 1056 2265 sis
1082 2192 1162 2275 tibi,

228 2400 248 2429 v.
261 2391 303 2430 ⁶29.
330 2391 378 2430 mon·
391 2392 432 2437 eui,
449 2392 488 2431 Sex
502 2393 571 2432 Nostri
586 2394 648 2433 coda
661 2393 744 2435 etlldd.
758 2394 850 2433 meu
877 2394 923 2433 mi
937 2403 972 2439 aa,
989 2393 1067 2441 reliqui,
1083 2395 1155 2441 prater
1166 2392 1223 2437 H.ll;
1237 2391 1366 2436 ublcateul,

185 2454 268 2500 (omisso
285 2455 355 2498 libia>
371 2458 393 2493 et
407 2455 429 2493 in
443 2456 470 2493 Η.
480 2457 498 2501 2,
514 2460 544 2494 est
558 2457 593 2495 eut
607 2467 645 2505 pro
656 2467 686 2495 aa
700 2457 763 2496 altera
778 2466 841 2496 manu
856 2456 958 2506 scriptum.
985 2457 1031 2495 Tul
1043 2465 1079 2502 on,
1096 2455 1146 2494 Edu
1160 2454 1207 2493 Ald
1221 2458 1242 2493 et
1253 2454 1319 2492 Parni.
1332 2452 1367 2492 sed
1386 2456 1388 2461 '

182 2515 270 2553 ultamm
284 2517 414 2565 exquisitim
429 2522 450 2556 et
462 2519 566 2558 simillima
576 2524 625 2559 mut
635 2520 688 2559 inter
697 2530 719 2558 se
731 2521 766 2560 eui
777 2524 798 2559 et
808 2531 838 2559 un
849 2520 871 2558 in
883 2520 971 2568 Scriptis,
983 2522 1008 2558 ut
1018 2518 1077 2557 facile
1089 2519 1129 2558 hoe
1142 2529 1180 2568 pro
1189 2518 1226 2556 illo
1240 2516 1367 2567 nippodurm

182 2578 303 2617 sit-aul.
316 2579 349 2618 Ita
356 2580 476 2619 ordinantur
486 2582 531 2620 haec
538 2584 599 2621 verba
609 2583 664 2631 apud
677 2582 728 2621 Edd.
742 2583 797 2622 Vett.
810 2586 851 2622 tres
863 2582 937 2622 vindi.
951 2586 972 2621 et
982 2592 1053 2622 omnes
1065 2582 1149 2621 Nostro·
1156 2581 1217 2620 (lodd-
1229 2584 1302 2630 proeter
1313 2581 1338 2619 R.
1347 2582 1366 2618 a.

184 2646 208 2680 ut
220 2643 284 2681 miror
296 2654 419 2692 quemquam
431 2644 553 2684 immutasse
579 2647 640 2695 Apud
654 2646 679 2685 R
688 2649 706 2693 2,
719 2651 750 2685 est
766 2648 813 2687 Pori
825 2658 875 2687 eom.
891 2648 927 2687 boe
939 2657 973 2695 qu.
986 2648 1031 2685 bob.
1043 2649 1067 2685 ut
1078 2646 1228 2686 colom—6³2.
1242 2645 1307 2691 rou,
1320 2645 1368 2683 Tres

184 2703 261 2744 vindo.
273 2709 294 2744 et
305 2716 376 2745 omnes
393 2708 468 2755 Nostri,
488 2714 510 2748 et
520 2710 549 2748 iu
560 2709 610 2747 Edd.
623 2710 679 2749 Vett
692 2710 732 2749 Bo:
744 2710 788 2749 aine
798 2722 858 2749 causa
864 2710 1020 2757 sorau—6³⁴,
1042 2710 1075 2749 Ita
1086 2709 1130 2749 bno
1141 2710 1202 2749 verba
1213 2708 1333 2747 ordinantur
1343 2708 1367 2746 ln

184 2769 208 2806 B.
217 2780 236 2807 a
249 2770 318 2808 codd:
330 2770 398 2819 plures
409 2772 452 2810 ulai
462 2772 513 2820 quid
523 2782 554 2812 me
566 2774 602 2819 ou,
616 2774 676 2812 etita
688 2774 730 2812 Bo:
747 2779 769 2812 et
779 2773 829 2812 Edd.
844 2773 910 2812 Medd.
923 2774 1013 2812 numeris
1024 2772 1144 2812 durioribus.
1170 2772 1226 2811 Edd:
1239 2771 1301 2811 Vett:
1313 2770 1367 2809 Ald:

183 2837 205 2871 et
217 2832 290 2871 Parin:
301 2835 400 2873 omittunt
413 2836 536 2874 ota-oilli
549 2838 611 2882 Istue,
625 2837 687 2875 codd.
700 2838 864 2882 omnes-6³7.
879 2839 950 2883 Fortu,
964 2837 997 2875 lta
1008 2836 1085 2876 Lamb:
1101 2836 1136 2885 qui
1147 2838 1240 2877 observat
1256 2836 1367 2875 nonnullos

183 2906 209 2934 ex
222 2895 279 2935 libris
291 2896 392 2935 veteribus
409 2898 483 2937 habere
493 2900 577 2947 suetum
587 2903 616 2939 ut
627 2901 740 2948 optimum
757 2901 819 2939 etita
829 2910 878 2939 sane
888 2910 960 2939 ornnes
971 2900 1052 2943 Nostrir
1069 2900 1110 2937 Ed:
1129 2899 1183 2937 ald:
1194 2898 1230 2937 dat
1235 2898 1298 2945 sautu
1309 2898 1367 2944 opto

182 2956 247 2995 mu'at
272 2958 372 2996 Calenam
387 2961 411 2998 at
430 2961 448 2997 te
464 2960 564 3009 auferam,
584 2964 605 2998 et
617 2960 671 2998 Mus.
684 2963 706 2999 et
717 2960 767 2998 Edd.
787 2960 843 2999 Vett
864 2960 930 2999 Aliter
948 2960 992 2997 Bo:
1008 2959 1043 2998 aed
1060 2959 1091 2997 nil
1103 2969 1160 3007 opus.
1180 2961 1199 2997 ta
1209 2968 1254 2997 non
1272 2957 1368 2996 eliu-

184 3021 225 3059 mu
242 3021 281 3058 voi
291 3023 383 3061 ubam
408 3023 441 3061 Ita
451 3023 473 3061 0.
487 3024 510 3061 B.
519 3034 538 3062 ι
554 3023 635 3071 Reliqui
653 3024 682 3061 iol
692 3025 755 3063 abab.
769 3024 801 3061 vel
813 3024 842 3062 ot
854 3025 872 3062 u
886 3022 1015 3062 arun-Pro
1028 3023 1090 3068 Aulo,
1108 3022 1171 3061 codd.
1186 3020 1283 3060 nonnulli
1290 3021 1367 3059 Aulam

185 3084 286 3123 mendose.
311 3086 428 3133 conjeoerat
442 3086 467 3124 V.
477 3086 502 3124 D.
515 3086 638 3124 Funucrsc.
652 3087 728 3132 Haut,
741 3086 856 3133 lugaidum,
869 3086 931 3131 Aulo,
943 3085 1026 3123 blacta.

225 3255 291 3317 529.
336 3247 403 3306 Tibi
429 3247 504 3327 eui]
553 3248 752 3306 Pleonasmus.
803 3268 865 3306 ram
887 3247 1026 3325 perdere:
1056 3243 1137 3323 quod
1158 3244 1237 3303 valet
1258 3244 1369 3302 frustra

187 3341 311 3402 Confert
331 3344 442 3401 Gnou:
465 3342 553 3421 Epid.
574 3350 640 3402 322.
803 3364 876 3411 esse,
897 3342 1050 3420 negotium
1063 3340 1263 3419 nequicquam
1277 3340 1369 3398 susei-

215 3455 232 3477 “
241 3453 293 3500 Tiln'
302 3456 340 3501 eui
350 3453 438 3501 divitiae
448 3453 511 3501 domi
520 3469 636 3501 maxumae
645 3452 722 3501 sunt.''
802 3458 882 3517 pere.

188 3545 312 3630 Frustra
324 3547 470 3626 vulgatae:
496 3548 538 3607 Te
553 3549 608 3606 eui.
649 3548 752 3607 Boru.
844 3559 909 3611 534.
939 3546 1007 3607 Nisi
1021 3548 1225 3628 quidpiam]
1245 3548 1368 3606 Abeun.

225 3711 266 3720 ..
305 3676 371 3735 3050
384 3699 466 3757 quam
480 3699 537 3736 rem
551 3678 651 3757 agap]
671 3677 755 3746 Infra
802 3658 847 3706 tes
864 3647 972 3753 usitatp
991 3645 1119 3755 formula
1137 3646 1367 3749 interrogabant,

189 3781 256 3842 731,
804 3740 990 3817 “Numquul
1007 3760 1057 3799 me
1073 3742 1158 3798 vrs?''
1198 3738 1268 3796 V1d.
1288 3738 1369 3795 Men.

209 3896 755 3980 531.Commuteteolrmiam.]‘Change
805 3846 871 3899 242·
912 3836 1007 3895 Gloss.

147 3954 165 4093 (l
188 3996 235 4053 its'
256 3994 441 4053 settlementss
480 3994 619 4053 Ridicule
642 3993 756 4052 dictum

189 4090 227 4149 da
240 4090 307 4148 aula
316 4090 381 4148 auri
391 4090 488 4167 plena,
504 4092 587 4169 quasi
597 4091 634 4149 de
643 4089 757 4169 populo

189 4206 281 4244 novas
294 4186 379 4245 sedes
392 4196 552 4263 quaerente.

843 3982 883 3996 -
921 3947 966 4005 Eo
989 3946 1142 4024 lavatum]
1182 3943 1261 4015 Quia
1285 3945 1369 4021 puris

805 4046 941 4105 manibus
965 4046 1045 4103 Deos
1065 4043 1242 4100 invocabant
1260 4042 1369 4099 sacrifi-

806 4152 922 4209 cantes;
944 4138 1074 4217 [Amph.
1089 4144 1155 4208 942.
1190 4136 1272 4195 Infra
1285 4135 1369 4215 566.]

805 4244 836 4293 et
853 4253 975 4291 uxorem
996 4231 1114 4291 ducturi
1131 4230 1278 4289 sacrificiis
1293 4250 1368 4289 sem-

229 4340 293 4392 533.
336 4331 501 4411 Etoperum
513 4330 672 4411 aloinum]
693 4332 755 4389 Lu·
805 4352 859 4410 per
873 4331 1109 4408 auspicabantur,
1124 4329 1204 4408 quod
1218 4349 1253 4387 ex
1266 4328 1369 4387 Servio

191 4425 235 4483 dit
256 4426 287 4484 in
304 4428 449 4504 proverb:
477 4425 516 4484 Et
539 4426 626 4484 oleum
645 4433 671 4482 et
691 4443 755 4503 ope·
805 4434 889 4483 notat
902 4424 1002 4482 Guou.

292 4542 327 4591 10
