3250 5217
284 571 352 656 17⁰
695 571 1010 636 GLOSSARIUM

282 766 445 826 “Divitem
457 766 597 826 audacter
615 766 743 826 solemus
760 774 888 826 mactare
905 767 1095 826 infortunio.’'
1138 765 1215 825 Haec
1232 773 1263 823 et
1283 763 1341 822 ulia
1356 763 1430 822 citat

282 877 392 937 Gnon:
413 877 445 937 in
459 878 541 938 Leot.
555 876 653 936 Plaut.
667 877 721 938 ubi
734 877 832 938 fusius
844 877 883 937 de
896 878 952 936 hae
965 897 1038 938 vooe
1051 876 1192 955 disputat.
1289 905 1292 910 ·
1421 920 1424 929 .

336 1045 403 1106 491.
451 1026 554 1114 Quid
571 1027 690 1126 agis?]
730 1034 818 1097 How
832 1035 875 1131 do
889 1055 957 1116 you
972 1036 1037 1099 do?
1076 1043 1157 1101 Men
1171 1041 1218 1102 62.
1239 1040 1279 1099 G.

336 1210 403 1274 494.
451 1193 683 1293 Aliquanto]
721 1199 847 1282 Agood
860 1202 945 1276 deal,
960 1202 1192 1286 considerably.
1219 1209 1315 1278 Valet,
1329 1207 1432 1278 credo,

282 1326 345 1384 fere
366 1309 485 1404 semper
503 1324 629 1396 muttum,
652 1323 756 1390 ..ann
780 1335 810 1383 et
830 1324 990 1385 senetur
1013 1325 1066 1406 un
1085 1327 1241 1386 senense
1260 1327 1324 1387 vim
1348 1327 1432 1386 naun

280 1456 387 1516 parum
413 1457 518 1518 augere
544 1438 649 1497 volunt
671 1437 838 1516 scriptores.
889 1438 1035 1518 Exempla
1061 1439 1152 1499 semel
1176 1460 1275 1519 operae
1301 1440 1431 1520 pretinm

280 1551 341 1610 erit
350 1552 493 1612 conferre.
526 1552 592 1612 Liv.
608 1552 633 1611 1.
649 1560 694 1612 13.
727 1553 863 1626 “Quum
875 1552 959 1612 haud
971 1552 1063 1613 dubie
1076 1553 1226 1634 aliquanto
1237 1555 1360 1634 major,”
1372 1541 1430 1615 eto.

280 1662 389 1738 (Μυσὴ
407 1667 547 1743 greater.)
589 1664 635 1723 Id.
649 1663 706 1723 IX.
719 1673 748 1730 7.
788 1656 1024 1743 “Caudinaeque
1044 1664 1127 1743 pacis
1144 1662 1294 1744 aliquanto
1315 1663 1431 1723 Samni-

281 1777 372 1847 tibus,
395 1797 485 1856 quam
506 1775 658 1848 Romanis,
684 1776 847 1837 tristiorem
868 1778 1041 1838 memoriam
1063 1777 1155 1837 fore.”
1194 1776 1258 1857 (By
1268 1777 1329 1857 far
1348 1797 1431 1837 more

280 1889 420 1967 painful.)
462 1890 522 1950 Cic.
542 1890 625 1949 Fam.
644 1889 700 1948 111.
720 1890 766 1950 26.
807 1889 896 1948 “Sed
919 1888 1008 1949 etiam
1031 1889 1109 1947 intra
1128 1889 1236 1967 legem,
1258 1899 1288 1948 et
1307 1887 1430 1967 quidem

281 1999 457 2080 aliquanto?
497 2000 616 2076 (Anda
631 1999 713 2078 good
728 1999 795 2059 deal
816 2001 890 2076 too.)
931 1997 978 2056 Id.
999 1998 1128 2057 Prooem.
1150 1998 1218 2058 Lib.
1234 1997 1277 2056 11.
1317 1998 1365 2057 De
1377 1996 1430 2056 In-

281 2121 360 2171 vent
401 2119 422 2146 “
433 2110 502 2168 Non
515 2120 669 2189 tantopere
682 2111 714 2169 in
728 2108 808 2168 vitiis
818 2120 1064 2190 perseverarent3
1083 2107 1233 2187 aliquanto
1245 2107 1294 2186 [h.
1307 2129 1333 2168 e.
1345 2128 1429 2186 mag·

280 2219 420 2301 nopere,]
437 2221 534 2282 levius
553 2241 591 2280 ex
609 2220 763 2280 inscientia
783 2220 978 2279 laborarent-’³
1018 2219 1123 2292 Quint.
1146 2218 1220 2278 Inst.
1242 2220 1309 2278 Lib.
1326 2220 1352 2280 1.
1369 2239 1430 2278 xn.
1459 2256 1466 2264 -

280 2333 337 2391 sub
364 2331 428 2391 init.
467 2333 555 2391 Nost.
582 2331 668 2391 Asin.
689 2329 756 2392 568.
798 2330 983 2410 “Aliquanto
1009 2331 1137 2409 amplius
1164 2331 1303 2400 valerem,
1328 2331 1355 2388 si
1380 2330 1430 2390 hic

280 2445 440 2502 maneres.’'
483 2442 551 2518 (All
563 2443 614 2504 the
626 2444 749 2520 better.)
785 2439 856 2501 cist.
870 2450 937 2511 229.
977 2443 1111 2519 “Atque
1127 2439 1276 2520 aliquanto
1288 2441 1430 2502 facilius?

282 2552 326 2628 (A
347 2553 426 2630 good
451 2550 518 2612 deal
537 2553 661 2630 rather.)
702 2553 793 2632 Epid.
816 2540 882 2619 373.
923 2554 1054 2630 “Atque
1080 2551 1230 2631 aliquanto
1250 2542 1429 2632 lubentius?

282 2666 357 2742 (Far
377 2687 459 2727 more
479 2667 652 2748 willingly.)

335 2831 402 2894 495.
450 2810 641 2905 Nitidior]
690 2820 785 2883 More
816 2827 1021 2901 sumptuosa.
1076 2826 1189 2886 Goon:
1224 2787 1307 2886 lect.
1334 2824 1433 2886 Plaut-

279 2948 295 3005 ,”
304 2945 476 3007 Nitids'orem
488 2965 549 3005 esse
563 2945 719 3024 significat,
732 2942 886 3003 liberalius
897 2942 987 3021 genio
1000 2942 1167 3022 indulgere,
1181 2962 1298 3004 eoenare
1309 2944 1429 3015 lautius,

282 3070 435 3139 sumptum
448 3060 544 3119 facere
562 3059 594 3116 in
610 3056 741 3117 curanda
757 3066 835 3116 cute.
876 3055 927 3115 sie
944 3055 1054 3116 Pseud.
1068 3064 1137 3124 775.
1175 3055 1248 3116 “Ut
1262 3076 1350 3117 curer
1363 3056 1431 3114 niti-

281 3169 435 3231 ιίἱιιεειιίιῑ.υ
475 3170 547 3229 Oist.
564 3177 609 3229 10.
651 3177 671 3204 “
683 3168 719 3226 In
737 3167 864 3246 prandio
876 3188 931 3226 nos
947 3168 1046 3246 lepide
1059 3179 1150 3247 atque
1162 3167 1253 3228 nitide
1264 3169 1431 3248 accepisti.'’

282 3285 370 3343 Mart.
386 3285 443 3362 Ep.
457 3284 513 3344 IV.
526 3290 572 3343 54.
587 3290 614 3343 8.
654 3283 809 3342 “Lautior
827 3292 857 3342 et
871 3281 961 3341 nitido
974 3283 1013 3341 sis
1029 3281 1157 3342 Meliore
1170 3283 1288 3342 lieet.”“
1326 3281 1433 3341 Addas

283 3397 358 3456 Hor.
379 3397 438 3476 Ep.
464 3397 488 3456 Ι.
512 3414 555 3454 1v.
580 3404 624 3456 15.
664 3397 745 3454 “Me
768 3395 914 3474 pinguem
936 3406 967 3454 et
986 3394 1116 3465 auidum,
1139 3396 1215 3455 bene
1238 3404 1341 3455 curata
1363 3403 1433 3452 cute

282 3512 386 3572 vises.”
403 3491 445 3569 ⁴h.
458 3531 483 3571 e.
511 3512 588 3570 bene
615 3511 757 3578 cultum„
781 3509 829 3570 Id.
852 3508 912 3590 Ep.
933 3509 958 3567 1.
978 3528 1031 3568 xv.
1052 3508 1099 3569 46.
1141 3507 1283 3568 “Nitids'a
1308 3507 1434 3567 fundata

222 3653 223 3657 ¹
282 3625 410 3704 pecunia
430 3623 533 3684 villis?
553 3625 572 3682 i.
587 3645 612 3683 e.
634 3624 808 3703 splendidis,
829 3624 927 3683 lautis.
1131 3599 1134 3602 ⁴

336 3779 405 3850 496.
453 3770 527 3844 Pro
544 3769 608 3863 ru]
639 3784 842 3845 ¹”Secundum
855 3795 1013 3845 statumao
1026 3776 1257 3844 eonditionem.“
1276 3783 1356 3841 Con.
1371 3781 1432 3839 Ms.

283 3902 363 3963 Vide
386 3902 473 3960 Nott.
515 3901 637 3960 Confert
661 3902 768 3962 Goon:
806 3903 881 3962 Hor.
906 3902 967 3962 Sat.
984 3902 1009 3960 Ι.
1029 3923 1065 3961 11.
1087 3911 1131 3973 19.
1172 3901 1246 3960 “At
1268 3900 1300 3959 in
1322 3919 1353 3959 se
1371 3897 1433 3956 Pro

284 4019 393 4091 quoestn
420 4019 574 4089 sumptum
600 4010 698 4071 facit.”
738 4013 842 4092 (Lives
868 4033 908 4092 up
929 4020 957 4070 to
978 4011 1026 4071 his
1051 4011 1190 4089 income.)
1229 4008 1318 4069 Adde
1345 4007 1435 4066 Nost.

282 4119 349 4176 Mil.
370 4126 436 4188 911.
476 4118 596 4177 “Nunc
615 4118 680 4178 haec
699 4119 798 4180 carina
819 4121 889 4179 satis
906 4141 963 4199 pro
983 4141 1015 4178 re
1031 4120 1166 4189 fundata,
1184 4129 1215 4178 et
1229 4120 1307 4178 bene
1324 4126 1434 4177 statuta

282 4232 355 4288 sst.''
395 4229 503 4287 Pseud.
527 4237 592 4288 850.
630 4229 775 4289 “Verum
799 4252 855 4309 pro
878 4230 973 4309 pretio
998 4230 1075 4290 facio
1097 4241 1132 4289 ut
1154 4249 1244 4309 opera
1266 4229 1435 4314 appareatss'

284 4340 338 4417 (ln
358 4340 531 4419 proportion
551 4350 583 4399 to
602 4358 654 4420 my
674 4339 757 4422 pay.)
