3250 5217
282 560 349 622 154
685 555 994 620 GLOSSARIUM

337 758 405 824 364.
460 748 631 848 Oppida]
684 755 821 836 Utterly·
873 761 1004 821 Penitus.
1043 760 1127 818 Infra
1157 759 1224 820 685.
1253 766 1322 826 757.
1363 759 1418 816 {Et

283 864 404 942 quidem
422 863 531 942 passim
550 863 632 943 apud
651 863 804 922 Noenum.
844 865 1023 943 ”Significat
1039 874 1148 932 autem,
1173 861 1268 931 valde,
1283 863 1419 920 multum.

285 978 404 1047 Ortum,
424 976 523 1056 inquit
544 971 660 1048 Festus,
680 997 719 1036 ex
739 997 873 1039 sermone
892 979 970 1038 inter
986 998 1018 1038 se
1038 975 1302 1045 confabulantium,
1326 994 1418 1053 quan·

283 1097 355 1146 tum¹
367 1087 494 1166 quisque
511 1087 633 1166 {iugum
652 1087 763 1147 faceret
766 1109 779 1174 3
802 1098 896 1167 utque
914 1087 1077 1148 multitudo
1088 1087 1323 1165 significaretur,
1342 1105 1419 1162 saepe

282 1197 524 1276 respondebatur,
542 1194 738 1276 qvantvm-vel
755 1193 861 1276 oppido
877 1196 952 1255 ratis
970 1203 1074 1255 esadf‘
1094 1196 1216 1255 Hans..
1240 1195 1319 1254 Citat
1331 1195 1426 1252 Nont·

283 1308 394 1387 Amph.
414 1308 519 1389 [uo]
554 1307 700 1388 “Oppido
715 1307 830 1368 interii!
851 1310 974 1383 obsecro
992 1296 1101 1379 hercle,
1112 1349 1117 1360 .
1128 1316 1258 1385 quantus
1277 1307 1316 1364 et'
1329 1325 1426 1383 quam.

282 1422 398 1484 validus
415 1424 487 1482 est.''

347 1615 396 1629 ···
450 1573 715 1673 Gymnasium]
766 1586 923 1660 Γνμνάσιον,
942 1585 1025 1645 loeus
1046 1585 1098 1644 ubi
1119 1605 1150 1643 se
1167 1583 1286 1643 athletae
1302 1558 1430 1643 exerce-²

282 1705 362 1763 bant
401 1702 479 1762 Vide
500 1702 582 1762 Nott

314 1867 401 1951 ‚vua
447 1859 610 1958 Exegit]
658 1865 735 1930 Has
760 1867 874 1930 voven
898 1871 965 1928 vot.
1013 1870 1092 1929 enat
1115 1825 1196 1929 nunc
1212 1859 1310 1928 iocum
1331 1867 1417 1926 Non:

282 1989 509 2070 cap.1v.1sv.
538 1989 570 2048 in
587 2008 650 2049 voe.
690 1962 823 2069 Erigere,
847 2008 937 2068 quam
957 1988 1169 2068 interpretatus
1190 1998 1235 2047 est
1254 1986 1418 2053 excludam

280 2099 367 2158 allato
386 2099 454 2158 Ter.
474 2097 568 2158 Andr.
589 2094 687 2176 [Ptol.
701 2097 767 2177 21]
807 2106 828 2133 “
838 2097 1023 2177 Spectandae,
1045 2117 1083 2156 an
1100 2096 1247 2177 erigendo
1265 2097 1324 2156 sint
1336 2096 1420 2156 vobis

281 2212 392 2288 pnus.''
1426 2206 1430 2212 ’

331 2370 399 2432 366.
444 2358 631 2453 Praeberi.]
677 2367 849 2451 Supplied·
896 2373 974 2434 Vide
995 2374 1026 2433 in
1049 2374 1132 2432 Nott.
1157 2383 1190 2432 et
1216 2372 1293 2432 adde
1319 2391 1421 2433 exem-

280 2494 338 2572 plis
370 2495 412 2554 ibi
434 2494 554 2564 collatis,
583 2494 657 2552 Hor.
683 2493 742 2553 Sat.
767 2494 791 2553 1.
815 2513 856 2552 ιν.
877 2501 923 2554 88.
963 2493 1104 2553 “Praeter
1135 2512 1202 2553 eum
1235 2493 1286 2572 qui
1311 2493 1421 2574 proebet

279 2609 412 2684 aquam.’'
438 2606 467 2664 h.
481 2627 505 2665 e.
519 2605 674 2683 hospitem.
713 2605 754 2664 Et
765 2605 845 2664 Ibid.
862 2604 890 2664 Ι.
908 2626 935 2664 v.
950 2613 996 2665 38.
1038 2608 1057 2640 “
1067 2607 1192 2665 Murena
1205 2604 1351 2684 prebente
1368 2607 1420 2665 do·

280 2733 373 2783 mum,
394 2713 537 2794 Capitone
556 2712 712 2774 culinam.'’

336 2879 403 2948 367.
454 2867 596 2970 Atini]
651 2879 725 2942 But
743 2881 801 2942 lv!
833 2877 916 2944 Ha!
959 2886 1022 2945 h.l.
1042 2905 1106 2964 prae
1127 2898 1209 2948 metu
1232 2889 1422 2948 exclamantis

281 3001 454 3082 interjectio.
495 2995 657 3073 Infra‘6l9.
1296 3001 1300 3006 ¹
1420 3028 1425 3036 ·

333 3167 400 3228 370.
449 3147 656 3242 Τῐὶενὶτοε.]
711 3165 870 3238 Treavirov,
892 3188 944 3227 seu
967 3168 1146 3230 Triumviros
1165 3170 1313 3251 capitales.
1356 3174 1420 3233 Ho-

284 3299 351 3338 rum
380 3279 508 3340 officium
534 3281 593 3339 suit
622 3280 810 3353 facinorosos,
840 3283 991 3362 precipue
1014 3305 1113 3345 servos
1139 3296 1170 3346 et
1190 3287 1307 3346 infimos
1333 3309 1421 3367 quos-

286 3414 355 3472 que,
385 3393 529 3472 judicare.
583 3392 650 3451 Non
690 3394 779 3454 semel
816 3396 897 3475 apud
929 3396 1076 3456 Nostrum
1109 3414 1277 3460 occurrunt.
1331 3402 1366 3459 Ε.
1390 3423 1421 3480 g.

286 3505 397 3594 Amph.
417 3515 444 3568 3.
478 3505 543 3598 ,(881
569 3485 694 3566 Trivviri
711 3526 759 3566 me
779 3508 811 3566 in
831 3528 977 3569 carcerem
997 3511 1217 3590 eonpegerint”
1256 3513 1340 3572 Asin.
1357 3521 1421 3574 115.

288 3617 375 3676 “Ibo
393 3637 450 3695 ego
472 3615 510 3675 ad
528 3593 683 3687 Trisviroa,
705 3629 862 3698 rostraque
882 3620 925 3678 ibi
945 3621 1067 3680 nomina
1087 3622 1168 3682 Faxo
1191 3634 1294 3683 erunt:
1317 3626 1422 3704 capitis

286 3741 317 3791 te
333 3730 457 3810 perdam
479 3750 544 3808 ego,
568 3739 598 3789 et
618 3715 735 3789 iliam?
774 3733 856 3792 Pers.
877 3741 923 3803 72.
964 3735 1090 3815 “AEqua
1113 3736 1191 3816 parti
1216 3738 1362 3816 prodeant
1384 3740 1423 3799 ad

285 3848 460 3911 Trisviror.”
506 3848 586 3910 ‚Vide
604 3849 707 3910 aetiam
734 3850 797 3911 cic.
826 3851 909 3910 Fam.
937 3852 1087 3916 vlt-13.
1136 3855 1229 3915 Notat
1255 3857 1358 3916 Fauo:
1392 3859 1423 3917 in

288 3983 370 4034 vove,
395 3959 509 4026 ”modo
535 3960 662 4031 tresviri,
679 3962 782 4052 ‚modo
807 3963 930 4035 trirviri,
953 3965 1043 4024 modo
1064 3967 1167 4026 treviri
1184 3967 1223 4029 ,in
1247 3969 1334 4028 Mss..
1348 3970 1423 4049 legi-

287 4084 351 4134 tur:
365 4071 428 4132 ‘aiii
448 4071 542 4138 ¹etiam
568 4071 710 4140 triumviri
734 4085 946 4153 reposuenmt:
978 4076 1070 4156 idque
1096 4098 1132 4143 eo
1156 4079 1267 4138 factum
1295 4080 1423 4152 videtur,

291 4185 371 4266 quod
387 4185 463 4252 ¹olim
487 4185 594 4246 Inviti
613 4187 758 4266 seriptum
784 4186 862 4258 fuit,·
889 4209 926 4248 ex
940 4209 1009 4268 quo
1032 4189 1082 4249 alii
1106 4198 1187 4260 tres„
1206 4191 1263 4253 alii
1281 4192 1423 4262 vie-uu

286 4291 373 4351 trium
392 4305 578 4354 exararunt.“
