3250 5217
638 1089 933 1156 GLOSSARIUM

772 1372 803 1412 IN

531 1616 1050 1714 AULULARIAM.

663 1932 917 1947 u—-t-—u—-u-

692 2179 884 2233 monnone.

181 2396 188 2413 ¹
273 2400 301 2454 2.
349 2380 458 2473 Lan]
483 2389 489 2398 ⁸
511 2387 631 2458 “Dens,
671 2408 740 2446 nam
768 2388 915 2467 putabant
943 2386 1058 2462 antiqui
1083 2385 1115 2443 in
1140 2387 1221 2445 omni
1247 2388 1358 2455 familia

220 2498 319 2556 Deum
340 2500 428 2557 esse.’'
467 2498 547 2558 Con.
567 2500 629 2557 Ms.
648 2499 757 2578 Operae
780 2499 837 2558 erit
856 2480 947 2557 semel
966 2498 1056 2557 citare
1077 2519 1145 2577 quae
1166 2499 1203 2558 de
1224 2499 1270 2557 his
1287 2520 1356 2579 pro-

213 2610 308 2671 lixius
330 2610 450 2670 exhibet
468 2612 631 2670 Comment,
652 2610 785 2669 Brixiani
806 2610 873 2675 Eoo,
891 2610 923 2667 in
944 2609 999 2667 Ed.
1021 2610 1117 2669 Parm.
1156 2611 1288 2673 ”Larem
1309 2610 1356 2669 in-

214 2720 378 2799 telligimus
389 2721 542 2781 Genialem
555 2720 653 2780 deum
693 2720 908 2799 Unusquisque
920 2720 1000 2785 enim
1012 2720 1103 2791 locus,
1117 2720 1209 2781 immo
1221 2731 1252 2781 et
1263 2741 1355 2780 unus

219 2833 346 2911 quisque
370 2832 523 2892 hominum
542 2833 698 2912 proprium
721 2832 779 2891 sibi
801 2832 925 2909 genium
947 2830 1046 2900 habet,
1073 2832 1135 2898 sive
1157 2832 1268 2891 larem:
1298 2831 1355 2893 hoc

213 2955 270 3014 est,
290 2944 398 3015 deum3
419 2945 506 3024 cujus
525 2965 622 3014 suasu,
647 2964 716 3021 quoe
733 2942 904 3022 peragenda
923 2953 992 3019 sunt
1011 2943 1067 3002 rite
1087 2953 1118 3003 et
1132 2953 1222 3012 recte,
1255 2944 1353 3021 perci.

218 3061 351 3139 piantur.
395 3060 477 3119 Dieo'
500 3058 594 3127 Genii,
621 3059 692 3136 quia
713 3058 868 3117 nobiscum
889 3058 1057 3138 gignantur,
1084 3056 1131 3116 vel
1153 3057 1224 3134 quia
1241 3056 1354 3135 genitae

216 3183 371 3232 tueantur:
398 3173 478 3232 unde
504 3172 536 3230 in
558 3171 732 3250 genealogia
756 3181 857 3229 nostra
883 3170 1022 3241 diximus,
1053 3171 1156 3229 “Esse
1182 3171 1274 3231 Lares
1299 3191 1351 3250 ge-

211 3285 339 3363 niosque
361 3285 467 3344 volunt
486 3284 555 3343 dota
575 3283 699 3342 numina
718 3282 789 3341 bina
809 3281 968 3351 Omnibus,
992 3292 1022 3341 et
1041 3282 1111 3342 vita
1129 3283 1242 3342 funeris
1262 3294 1352 3362 atque

216 3398 333 3458 duces.''
372 3398 491 3458 Etenim
514 3398 556 3456 ita
576 3396 656 3476 apud
677 3415 785 3454 omnes⁴
798 3395 893 3454 ferme
912 3406 1034 3465 constat,
1058 3395 1133 3455 duos
1153 3416 1352 3475 unumquem-

215 3530 273 3587 que
290 3511 402 3588 genios,
424 3510 486 3569 sive
504 3509 589 3578 lorea,
611 3518 642 3567 et
658 3517 693 3566 ut
711 3507 803 3584 vulgo
822 3506 905 3565 aiunt
921 3507 1041 3586 angelos
1061 3507 1179 3579 habere,
1203 3508 1272 3567 vita·
1291 3529 1353 3567 suae

215 3621 360 3691 custodes,
387 3622 512 3680 alterum
531 3621 654 3690 bonum,
678 3618 803 3677 altennn
824 3618 944 3677 malum.
992 3618 1159 3698 Itidemque
1182 3640 1245 3681 esse
1255 3619 1351 3698 fomi-

214 3730 318 3791 liorum
337 3732 473 3811 proprios
492 3732 666 3811 quosdam.“

269 3909 296 3963 4.
344 3890 462 3983 Col0‚.]
513 3902 656 3965 locabit,
698 3906 759 3967 Pro
780 3906 889 3973 §neom
918 3908 1003 3967 lnfra
1018 3908 1083 3973 655.
1124 3908 1214 3969 Unde
1233 3908 1347 3991 inquili-

212 4044 276 4093 nae,
297 4023 400 4102 [quasi
422 4024 592 4104 incaduca]
619 4026 671 4104 qui
691 4024 769 4084 aedes
789 4025 886 4085 incolit
892 4048 907 4093 ,·
932 4028 1007 4088 Pan.
1028 4028 1076 4088 lta
1094 4028 1156 4088 Cic.
1177 4028 1247 4089 Nat.
1262 4030 1300 4087 D.
1321 4050 1345 4089 c.

193 4200 197 4207 ,
212 4135 324 4214 penult
358 4136 447 4207 “Qui
460 4135 513 4195 has
525 4137 680 4196 nobiscum
694 4148 787 4197 terras
800 4139 838 4197 ab
853 4139 964 4198 oriente
978 4138 1017 4198 ad
1031 4139 1213 4200 occidentem
1226 4138 1346 4202 colunt?

211 4248 254 4307 Et
273 4248 336 4307 sine
355 4268 433 4320 casn,
457 4248 541 4307 Nost.
564 4248 672 4308 Pseud.
695 4258 758 4320 199.
800 4250 986 4312 “Hunccine
1008 4251 1058 4311 hic
1083 4251 1233 4311 hominem
1259 4252 1348 4312 colere

210 4359 272 4437 pati
287 4359 477 4438 juventutem
496 4358 655 4418 Atticam.”
