<?xml version="1.0" encoding="UTF-8"?>
<!DOCTYPE html PUBLIC "-//W3C//DTD XHTML 1.0 Transitional//EN"
    "http://www.w3.org/TR/xhtml1/DTD/xhtml1-transitional.dtd">
<html xmlns="http://www.w3.org/1999/xhtml" xml:lang="en" lang="en">
 <head>
  <title>
</title>
<meta http-equiv="Content-Type" content="text/html;charset=utf-8" />
  <meta name='ocr-system' content='tesseract 3.04.00' />
  <meta name='ocr-capabilities' content='ocr_page ocr_carea ocr_par ocr_line ocrx_word'/>
</head>
<body>
  <div class='ocr_page' id='page_1' title='image "./maplautiaulular00hildgoog/maplautiaulular00hildgoog_0062.png"; bbox 0 0 3250 5217; ppageno 0'>
   <div class='ocr_carea' id='block_1_1' title="bbox 686 560 1012 628">
    <p class='ocr_par' dir='ltr' id='par_1_1' title="bbox 686 560 1012 628">
     <span class='ocr_line' id='line_1_1' title="bbox 686 560 1012 628; baseline 0.015 -5"><span class='ocrx_word' id='word_1_1' title='bbox 686 562 734 623; x_wconf 89' lang='lat' dir='ltr'><strong>M.</strong></span> <span class='ocrx_word' id='word_1_2' title='bbox 760 564 801 625; x_wconf 83' lang='lat' dir='ltr'><strong>A.</strong></span> <span class='ocrx_word' id='word_1_3' title='bbox 828 560 1012 628; x_wconf 91' lang='lat' dir='ltr'><strong>PLAUTI</strong></span> 
     </span>
    </p>
   </div>
   <div class='ocr_carea' id='block_1_2' title="bbox 352 756 703 831">
    <p class='ocr_par' dir='ltr' id='par_1_2' title="bbox 352 756 703 831">
     <span class='ocr_line' id='line_1_2' title="bbox 352 756 703 831; baseline 0.003 -1"><span class='ocrx_word' id='word_1_4' title='bbox 352 756 451 831; x_wconf 90' lang='lat' dir='ltr'><strong>Solet</strong></span> <span class='ocrx_word' id='word_1_5' title='bbox 477 759 526 831; x_wconf 90' lang='lat' dir='ltr'><strong>ire</strong></span> <span class='ocrx_word' id='word_1_6' title='bbox 554 768 703 831; x_wconf 82' lang='lat' dir='ltr'><strong>coctum.</strong></span> 
     </span>
    </p>
   </div>
   <div class='ocr_carea' id='block_1_3' title="bbox 355 884 1441 1105">
    <p class='ocr_par' dir='ltr' id='par_1_3' title="bbox 355 884 1441 1105">
     <span class='ocr_line' id='line_1_3' title="bbox 659 884 1441 973; baseline -0.006 -14"><span class='ocrx_word' id='word_1_7' title='bbox 659 884 742 959; x_wconf 81' lang='grc' dir='ltr'><strong>ΑΝ.</strong></span> <span class='ocrx_word' id='word_1_8' title='bbox 769 885 839 968; x_wconf 84' lang='grc' dir='ltr'><strong>Τιι,</strong></span> <span class='ocrx_word' id='word_1_9' title='bbox 865 888 973 959; x_wconf 83' lang='lat' dir='ltr'><strong>trium</strong></span> <span class='ocrx_word' id='word_1_10' title='bbox 999 887 1198 971; x_wconf 86' lang='lat' dir='ltr'><strong>litterarum</strong></span> <span class='ocrx_word' id='word_1_11' title='bbox 1224 885 1339 973; x_wconf 90' lang='lat' dir='ltr'><strong>homo,</strong></span> <span class='ocrx_word' id='word_1_12' title='bbox 1382 904 1441 955; x_wconf 80' lang='lat' dir='ltr'><strong>aao</strong></span> 
     </span>
     <span class='ocr_line' id='line_1_4' title="bbox 355 1006 746 1105; baseline 0 -26"><span class='ocrx_word' id='word_1_13' title='bbox 355 1006 420 1081; x_wconf 90' lang='lat' dir='ltr'><strong>Me</strong></span> <span class='ocrx_word' id='word_1_14' title='bbox 443 1008 633 1105; x_wconf 85' lang='lat' dir='ltr'><strong>vituperas,</strong></span> <span class='ocrx_word' id='word_1_15' title='bbox 659 1006 746 1080; x_wconf 80' lang='lat' dir='ltr'><strong>fur?</strong></span> 
     </span>
    </p>
   </div>
   <div class='ocr_carea' id='block_1_4' title="bbox 723 1073 1348 1218">
    <p class='ocr_par' dir='ltr' id='par_1_4' title="bbox 723 1073 1348 1218">
     <span class='ocr_line' id='line_1_5' title="bbox 723 1073 1348 1218; baseline 0.008 -14"><span class='ocrx_word' id='word_1_16' title='bbox 723 1128 791 1204; x_wconf 81' lang='lat' dir='ltr'><strong>co.</strong></span> <span class='ocrx_word' id='word_1_17' title='bbox 817 1129 953 1218; x_wconf 70' lang='lat' dir='ltr'><strong>utram,</strong></span> <span class='ocrx_word' id='word_1_18' title='bbox 979 1130 1037 1205; x_wconf 72' lang='lat' dir='ltr'><strong>fur</strong></span> <span class='ocrx_word' id='word_1_19' title='bbox 1062 1073 1348 1208; x_wconf 48' lang='lat' dir='ltr'><strong>rumltllll*</strong></span> 
     </span>
    </p>
   </div>
   <div class='ocr_carea' id='block_1_5' title="bbox 257 1236 1435 1355">
    <p class='ocr_par' dir='ltr' id='par_1_5' title="bbox 257 1236 1435 1355">
     <span class='ocr_line' id='line_1_6' title="bbox 257 1236 1435 1355; baseline -0.003 -23"><span class='ocrx_word' id='word_1_20' title='bbox 257 1258 319 1332; x_wconf 75' lang='lat' dir='ltr'><strong>sr.</strong></span> <span class='ocrx_word' id='word_1_21' title='bbox 351 1256 445 1333; x_wconf 85' lang='lat' dir='ltr'><strong>Tace</strong></span> <span class='ocrx_word' id='word_1_22' title='bbox 454 1266 550 1331; x_wconf 89' lang='lat' dir='ltr'><strong>nunc</strong></span> <span class='ocrx_word' id='word_1_23' title='bbox 559 1262 635 1354; x_wconf 87' lang='lat' dir='ltr'><strong>jam</strong></span> <span class='ocrx_word' id='word_1_24' title='bbox 651 1267 704 1343; x_wconf 90' lang='lat' dir='ltr'><strong>tu,</strong></span> <span class='ocrx_word' id='word_1_25' title='bbox 721 1268 828 1355; x_wconf 87' lang='lat' dir='ltr'><strong>atque</strong></span> <span class='ocrx_word' id='word_1_26' title='bbox 844 1236 975 1354; x_wconf 85' lang='lat' dir='ltr'><strong>agnum</strong></span> <span class='ocrx_word' id='word_1_27' title='bbox 987 1255 1093 1342; x_wconf 88' lang='lat' dir='ltr'><strong>hunc,</strong></span> <span class='ocrx_word' id='word_1_28' title='bbox 1104 1268 1185 1331; x_wconf 92' lang='lat' dir='ltr'><strong>uter</strong></span> <span class='ocrx_word' id='word_1_29' title='bbox 1196 1268 1250 1332; x_wconf 84' lang='lat' dir='ltr'><strong>eet</strong></span> <span class='ocrx_word' id='word_1_30' title='bbox 1259 1259 1435 1355; x_wconf 86' lang='lat' dir='ltr'><strong>pinguior,</strong></span> 
     </span>
    </p>
   </div>
   <div class='ocr_carea' id='block_1_6' title="bbox 253 1462 1439 1769">
    <p class='ocr_par' dir='ltr' id='par_1_6' title="bbox 253 1462 1439 1769">
     <span class='ocr_line' id='line_1_7' title="bbox 300 1462 1439 1514; baseline -0.004 -6"><span class='ocrx_word' id='word_1_31' title='bbox 300 1480 318 1507; x_wconf 85' lang='lat' dir='ltr'><strong>v.</strong></span> <span class='ocrx_word' id='word_1_32' title='bbox 332 1469 372 1508; x_wconf 70' lang='lat' dir='ltr'><strong>wll.</strong></span> <span class='ocrx_word' id='word_1_33' title='bbox 394 1468 451 1508; x_wconf 73' lang='lat' dir='ltr'><strong>Mra</strong></span> <span class='ocrx_word' id='word_1_34' title='bbox 466 1468 504 1507; x_wconf 76' lang='lat' dir='ltr'><strong>lta</strong></span> <span class='ocrx_word' id='word_1_35' title='bbox 527 1467 572 1505; x_wconf 83' lang='lat' dir='ltr'><strong>Bo:</strong></span> <span class='ocrx_word' id='word_1_36' title='bbox 590 1464 652 1513; x_wconf 56' lang='lat' dir='ltr'><strong>lun:</strong></span> <span class='ocrx_word' id='word_1_37' title='bbox 662 1465 717 1514; x_wconf 83' lang='lat' dir='ltr'><strong>quod</strong></span> <span class='ocrx_word' id='word_1_38' title='bbox 728 1465 790 1504; x_wconf 84' lang='lat' dir='ltr'><strong>habet</strong></span> <span class='ocrx_word' id='word_1_39' title='bbox 800 1473 855 1504; x_wconf 78' lang='lat' dir='ltr'><strong>unua</strong></span> <span class='ocrx_word' id='word_1_40' title='bbox 865 1462 947 1514; x_wconf 71' lang='lat' dir='ltr'><strong>quidem</strong></span> <span class='ocrx_word' id='word_1_41' title='bbox 958 1465 1006 1505; x_wconf 77' lang='lat' dir='ltr'><strong>cod</strong></span> <span class='ocrx_word' id='word_1_42' title='bbox 1019 1466 1054 1505; x_wconf 80' lang='lat' dir='ltr'><strong>red</strong></span> <span class='ocrx_word' id='word_1_43' title='bbox 1064 1466 1131 1506; x_wconf 76' lang='lat' dir='ltr'><strong>littam</strong></span> <span class='ocrx_word' id='word_1_44' title='bbox 1141 1476 1157 1505; x_wconf 75' lang='lat' dir='ltr'><strong>n</strong></span> <span class='ocrx_word' id='word_1_45' title='bbox 1168 1464 1439 1505; x_wconf 63' lang='lat' dir='ltr'><strong>mammoneam-</strong></span> 
     </span>
     <span class='ocr_line' id='line_1_8' title="bbox 256 1518 1437 1579; baseline -0.001 -9"><span class='ocrx_word' id='word_1_46' title='bbox 256 1532 336 1579; x_wconf 70' lang='lat' dir='ltr'><strong>Trium,</strong></span> <span class='ocrx_word' id='word_1_47' title='bbox 348 1518 540 1579; x_wconf 68' lang='grc' dir='ltr'>μονοσυλλάβως</span> <span class='ocrx_word' id='word_1_48' title='bbox 551 1529 747 1579; x_wconf 63' lang='lat' dir='ltr'><strong>adplene—2³1.</strong></span> <span class='ocrx_word' id='word_1_49' title='bbox 760 1528 793 1567; x_wconf 79' lang='lat' dir='ltr'><strong>lta</strong></span> <span class='ocrx_word' id='word_1_50' title='bbox 801 1528 865 1566; x_wconf 68' lang='lat' dir='ltr'><strong>codd</strong></span> <span class='ocrx_word' id='word_1_51' title='bbox 875 1538 953 1575; x_wconf 74' lang='lat' dir='ltr'><strong>omnes,</strong></span> <span class='ocrx_word' id='word_1_52' title='bbox 965 1528 1005 1567; x_wconf 73' lang='lat' dir='ltr'><strong>nini</strong></span> <span class='ocrx_word' id='word_1_53' title='bbox 1015 1527 1070 1577; x_wconf 87' lang='lat' dir='ltr'><strong>quod</strong></span> <span class='ocrx_word' id='word_1_54' title='bbox 1080 1539 1094 1567; x_wconf 84' lang='lat' dir='ltr'><strong>a</strong></span> <span class='ocrx_word' id='word_1_55' title='bbox 1104 1528 1168 1568; x_wconf 69' lang='lat' dir='ltr'><strong>mua</strong></span> <span class='ocrx_word' id='word_1_56' title='bbox 1177 1528 1252 1568; x_wconf 67' lang='lat' dir='ltr'><strong>nomia</strong></span> <span class='ocrx_word' id='word_1_57' title='bbox 1261 1529 1319 1568; x_wconf 69' lang='lat' dir='ltr'><strong>abest</strong></span> <span class='ocrx_word' id='word_1_58' title='bbox 1329 1529 1384 1579; x_wconf 78' lang='lat' dir='ltr'><strong>priua</strong></span> <span class='ocrx_word' id='word_1_59' title='bbox 1389 1530 1437 1579; x_wconf 64' lang='lat' dir='ltr'><strong>fir.</strong></span> 
     </span>
     <span class='ocr_line' id='line_1_9' title="bbox 254 1592 1436 1642; baseline 0.001 -9"><span class='ocrx_word' id='word_1_60' title='bbox 254 1592 845 1642; x_wconf 63' lang='lat' dir='ltr'><strong>murno.aeanmtm,serrpurefragmunue—aaa.</strong></span> <span class='ocrx_word' id='word_1_61' title='bbox 860 1592 1436 1641; x_wconf 59' lang='lat' dir='ltr'><strong>nummatamnapmtanauuatrm</strong></span> 
     </span>
     <span class='ocr_line' id='line_1_10' title="bbox 253 1647 1438 1708; baseline -0.006 -10"><span class='ocrx_word' id='word_1_62' title='bbox 253 1660 392 1699; x_wconf 67' lang='lat' dir='ltr'><strong>auara-&#39;lum</strong></span> <span class='ocrx_word' id='word_1_63' title='bbox 409 1667 487 1708; x_wconf 66' lang='lat' dir='ltr'><strong>aunum</strong></span> <span class='ocrx_word' id='word_1_64' title='bbox 504 1660 564 1703; x_wconf 78' lang='lat' dir='ltr'><strong>tunc,</strong></span> <span class='ocrx_word' id='word_1_65' title='bbox 581 1661 629 1697; x_wconf 73' lang='lat' dir='ltr'><strong>octo</strong></span> <span class='ocrx_word' id='word_1_66' title='bbox 639 1655 706 1695; x_wconf 72' lang='lat' dir='ltr'><strong>Noua</strong></span> <span class='ocrx_word' id='word_1_67' title='bbox 719 1660 740 1696; x_wconf 85' lang='lat' dir='ltr'><strong>et</strong></span> <span class='ocrx_word' id='word_1_68' title='bbox 751 1659 790 1695; x_wconf 74' lang='lat' dir='ltr'><strong>trec</strong></span> <span class='ocrx_word' id='word_1_69' title='bbox 802 1656 877 1695; x_wconf 73' lang='lat' dir='ltr'><strong>Vlndd</strong></span> <span class='ocrx_word' id='word_1_70' title='bbox 897 1655 952 1703; x_wconf 74' lang='lat' dir='ltr'><strong>M,</strong></span> <span class='ocrx_word' id='word_1_71' title='bbox 970 1658 1016 1702; x_wconf 64' lang='lat' dir='ltr'><strong>auc,</strong></span> <span class='ocrx_word' id='word_1_72' title='bbox 1033 1656 1130 1695; x_wconf 79' lang='lat' dir='ltr'><strong>mandore</strong></span> <span class='ocrx_word' id='word_1_73' title='bbox 1145 1667 1183 1706; x_wconf 86' lang='lat' dir='ltr'><strong>pro</strong></span> <span class='ocrx_word' id='word_1_74' title='bbox 1199 1657 1266 1695; x_wconf 81' lang='lat' dir='ltr'><strong>forma</strong></span> <span class='ocrx_word' id='word_1_75' title='bbox 1279 1660 1383 1697; x_wconf 66' lang='lat' dir='ltr'><strong>eoum</strong></span> <span class='ocrx_word' id='word_1_76' title='bbox 1392 1647 1438 1693; x_wconf 76' lang='grc' dir='ltr'><strong>τοῦ</strong></span> 
     </span>
     <span class='ocr_line' id='line_1_11' title="bbox 254 1717 830 1769; baseline -0.009 -9"><span class='ocrx_word' id='word_1_77' title='bbox 254 1722 314 1761; x_wconf 67' lang='lat' dir='ltr'><strong>hunt.</strong></span> <span class='ocrx_word' id='word_1_78' title='bbox 328 1720 408 1769; x_wconf 85' lang='lat' dir='ltr'>Reliqui</span> <span class='ocrx_word' id='word_1_79' title='bbox 420 1720 508 1761; x_wconf 68' lang='lat' dir='ltr'><strong>homme</strong></span> <span class='ocrx_word' id='word_1_80' title='bbox 520 1723 541 1758; x_wconf 80' lang='lat' dir='ltr'><strong>et</strong></span> <span class='ocrx_word' id='word_1_81' title='bbox 552 1719 581 1758; x_wconf 77' lang='lat' dir='ltr'><strong>ua</strong></span> <span class='ocrx_word' id='word_1_82' title='bbox 593 1718 629 1757; x_wconf 85' lang='lat' dir='ltr'><strong>Ed.</strong></span> <span class='ocrx_word' id='word_1_83' title='bbox 643 1718 710 1757; x_wconf 74' lang='lat' dir='ltr'><strong>Ptine.</strong></span> <span class='ocrx_word' id='word_1_84' title='bbox 724 1717 765 1758; x_wconf 81' lang='lat' dir='ltr'><strong>Bo:</strong></span> <span class='ocrx_word' id='word_1_85' title='bbox 777 1718 830 1756; x_wconf 73' lang='lat' dir='ltr'><strong>hirae.</strong></span> 
     </span>
    </p>
   </div>
   <div class='ocr_carea' id='block_1_7' title="bbox 252 1902 1439 2934">
    <p class='ocr_par' dir='ltr' id='par_1_7' title="bbox 252 1902 1439 2934">
     <span class='ocr_line' id='line_1_12' title="bbox 255 1902 1437 1987; baseline -0.002 -20"><span class='ocrx_word' id='word_1_86' title='bbox 255 1929 322 1986; x_wconf 84' lang='lat' dir='ltr'><strong>quae</strong></span> <span class='ocrx_word' id='word_1_87' title='bbox 331 1908 642 1987; x_wconf 83' lang='lat' dir='ltr'><strong>promulgataeessent,</strong></span> <span class='ocrx_word' id='word_1_88' title='bbox 657 1906 819 1966; x_wconf 86' lang='lat' dir='ltr'><strong>etadmer-</strong></span> <span class='ocrx_word' id='word_1_89' title='bbox 909 1913 975 1965; x_wconf 89' lang='grc'><strong>280.</strong></span> <span class='ocrx_word' id='word_1_90' title='bbox 1016 1902 1118 1965; x_wconf 76' lang='lat' dir='ltr'><strong>Trium</strong></span> <span class='ocrx_word' id='word_1_91' title='bbox 1145 1903 1305 1965; x_wconf 77' lang='lat' dir='ltr'><strong>litterarum</strong></span> <span class='ocrx_word' id='word_1_92' title='bbox 1331 1906 1437 1986; x_wconf 71' lang='lat' dir='ltr'><strong>hom]</strong></span> 
     </span>
     <span class='ocr_line' id='line_1_13' title="bbox 254 2002 1437 2083; baseline -0.005 -16"><span class='ocrx_word' id='word_1_93' title='bbox 254 2017 361 2067; x_wconf 87' lang='lat' dir='ltr'><strong>catum.</strong></span> <span class='ocrx_word' id='word_1_94' title='bbox 389 2006 449 2065; x_wconf 90' lang='lat' dir='ltr'><strong>Hic</strong></span> <span class='ocrx_word' id='word_1_95' title='bbox 462 2005 555 2083; x_wconf 85' lang='lat' dir='ltr'><strong>igitur</strong></span> <span class='ocrx_word' id='word_1_96' title='bbox 568 2024 682 2082; x_wconf 86' lang='lat' dir='ltr'><strong>coquus</strong></span> <span class='ocrx_word' id='word_1_97' title='bbox 695 2024 750 2083; x_wconf 90' lang='lat' dir='ltr'><strong>pro</strong></span> <span class='ocrx_word' id='word_1_98' title='bbox 763 2004 819 2062; x_wconf 93' lang='lat' dir='ltr'><strong>im-</strong></span> <span class='ocrx_word' id='word_1_99' title='bbox 870 2002 911 2060; x_wconf 90' lang='lat' dir='ltr'><strong>H.</strong></span> <span class='ocrx_word' id='word_1_100' title='bbox 920 2023 945 2061; x_wconf 87' lang='lat' dir='ltr'><strong>c.</strong></span> <span class='ocrx_word' id='word_1_101' title='bbox 959 2002 1054 2071; x_wconf 84' lang='lat' dir='ltr'><strong>FUR,</strong></span> <span class='ocrx_word' id='word_1_102' title='bbox 1063 2012 1098 2061; x_wconf 92' lang='lat' dir='ltr'><strong>ut</strong></span> <span class='ocrx_word' id='word_1_103' title='bbox 1107 2021 1177 2059; x_wconf 86' lang='lat' dir='ltr'><strong>mox</strong></span> <span class='ocrx_word' id='word_1_104' title='bbox 1185 2013 1316 2080; x_wconf 78' lang='lat' dir='ltr'><strong>apparet.</strong></span> <span class='ocrx_word' id='word_1_105' title='bbox 1336 2002 1437 2061; x_wconf 89' lang='lat' dir='ltr'><strong>Aliam</strong></span> 
     </span>
     <span class='ocr_line' id='line_1_14' title="bbox 253 2094 1437 2182; baseline -0.009 -18"><span class='ocrx_word' id='word_1_106' title='bbox 253 2104 350 2182; x_wconf 90' lang='lat' dir='ltr'><strong>perito</strong></span> <span class='ocrx_word' id='word_1_107' title='bbox 363 2113 394 2163; x_wconf 91' lang='lat' dir='ltr'><strong>et</strong></span> <span class='ocrx_word' id='word_1_108' title='bbox 407 2103 527 2162; x_wconf 87' lang='lat' dir='ltr'><strong>indocto</strong></span> <span class='ocrx_word' id='word_1_109' title='bbox 540 2102 697 2162; x_wconf 88' lang='lat' dir='ltr'><strong>habendus</strong></span> <span class='ocrx_word' id='word_1_110' title='bbox 710 2112 764 2171; x_wconf 80' lang='lat' dir='ltr'><strong>eat,</strong></span> <span class='ocrx_word' id='word_1_111' title='bbox 785 2110 820 2160; x_wconf 89' lang='lat' dir='ltr'><strong>ut</strong></span> <span class='ocrx_word' id='word_1_112' title='bbox 868 2095 960 2175; x_wconf 79' lang='lat' dir='ltr'><strong>hujus</strong></span> <span class='ocrx_word' id='word_1_113' title='bbox 967 2096 1083 2174; x_wconf 80' lang='lat' dir='ltr'><strong>phrasis</strong></span> <span class='ocrx_word' id='word_1_114' title='bbox 1096 2094 1341 2173; x_wconf 75' lang='lat' dir='ltr'><strong>significationem</strong></span> <span class='ocrx_word' id='word_1_115' title='bbox 1353 2095 1437 2155; x_wconf 82' lang='lat' dir='ltr'><strong>exhi·</strong></span> 
     </span>
     <span class='ocr_line' id='line_1_15' title="bbox 255 2190 1436 2277; baseline -0.008 -18"><span class='ocrx_word' id='word_1_116' title='bbox 255 2200 358 2277; x_wconf 83' lang='lat' dir='ltr'><strong>quiex</strong></span> <span class='ocrx_word' id='word_1_117' title='bbox 369 2220 476 2259; x_wconf 89' lang='lat' dir='ltr'><strong>novem</strong></span> <span class='ocrx_word' id='word_1_118' title='bbox 490 2199 595 2259; x_wconf 80' lang='lat' dir='ltr'><strong>(liebus</strong></span> <span class='ocrx_word' id='word_1_119' title='bbox 608 2218 670 2257; x_wconf 91' lang='lat' dir='ltr'><strong>uno</strong></span> <span class='ocrx_word' id='word_1_120' title='bbox 682 2198 731 2257; x_wconf 92' lang='lat' dir='ltr'><strong>die</strong></span> <span class='ocrx_word' id='word_1_121' title='bbox 742 2198 819 2257; x_wconf 90' lang='lat' dir='ltr'><strong>dun·</strong></span> <span class='ocrx_word' id='word_1_122' title='bbox 870 2193 922 2252; x_wconf 92' lang='lat' dir='ltr'><strong>bet</strong></span> <span class='ocrx_word' id='word_1_123' title='bbox 935 2192 1059 2250; x_wconf 76' lang='lat' dir='ltr'><strong>Erasu.</strong></span> <span class='ocrx_word' id='word_1_124' title='bbox 1073 2191 1171 2268; x_wconf 82' lang='lat' dir='ltr'><strong>Adag.</strong></span> <span class='ocrx_word' id='word_1_125' title='bbox 1189 2190 1316 2249; x_wconf 81' lang='lat' dir='ltr'><strong>”Trium</strong></span> <span class='ocrx_word' id='word_1_126' title='bbox 1326 2190 1436 2250; x_wconf 81' lang='lat' dir='ltr'><strong>littera-</strong></span> 
     </span>
     <span class='ocr_line' id='line_1_16' title="bbox 253 2288 1439 2370; baseline -0.003 -17"><span class='ocrx_word' id='word_1_127' title='bbox 253 2304 334 2354; x_wconf 86' lang='lat' dir='ltr'><strong>taxat</strong></span> <span class='ocrx_word' id='word_1_128' title='bbox 351 2294 542 2363; x_wconf 83' lang='lat' dir='ltr'><strong>conducatur,</strong></span> <span class='ocrx_word' id='word_1_129' title='bbox 562 2312 623 2351; x_wconf 90' lang='lat' dir='ltr'><strong>non</strong></span> <span class='ocrx_word' id='word_1_130' title='bbox 638 2292 772 2370; x_wconf 85' lang='lat' dir='ltr'><strong>quotidie</strong></span> <span class='ocrx_word' id='word_1_131' title='bbox 789 2302 822 2352; x_wconf 91' lang='lat' dir='ltr'><strong>ut</strong></span> <span class='ocrx_word' id='word_1_132' title='bbox 871 2310 935 2347; x_wconf 83' lang='lat' dir='ltr'><strong>rum</strong></span> <span class='ocrx_word' id='word_1_133' title='bbox 943 2290 1030 2358; x_wconf 77' lang='lat' dir='ltr'><strong>homo,</strong></span> <span class='ocrx_word' id='word_1_134' title='bbox 1038 2308 1093 2367; x_wconf 83' lang='lat' dir='ltr'><strong>per</strong></span> <span class='ocrx_word' id='word_1_135' title='bbox 1100 2288 1226 2347; x_wconf 87' lang='lat' dir='ltr'><strong>ironiam</strong></span> <span class='ocrx_word' id='word_1_136' title='bbox 1232 2289 1291 2348; x_wconf 89' lang='lat' dir='ltr'><strong>dici</strong></span> <span class='ocrx_word' id='word_1_137' title='bbox 1298 2290 1439 2368; x_wconf 87' lang='lat' dir='ltr'><strong>potestin</strong></span> 
     </span>
     <span class='ocr_line' id='line_1_17' title="bbox 253 2383 1438 2465; baseline -0.003 -18"><span class='ocrx_word' id='word_1_138' title='bbox 253 2388 342 2465; x_wconf 90' lang='lat' dir='ltr'><strong>coqui</strong></span> <span class='ocrx_word' id='word_1_139' title='bbox 359 2387 473 2447; x_wconf 85' lang='lat' dir='ltr'><strong>nobiles</strong></span> <span class='ocrx_word' id='word_1_140' title='bbox 492 2396 521 2445; x_wconf 85' lang='lat' dir='ltr'><strong>et</strong></span> <span class='ocrx_word' id='word_1_141' title='bbox 535 2407 592 2444; x_wconf 89' lang='lat' dir='ltr'><strong>usu</strong></span> <span class='ocrx_word' id='word_1_142' title='bbox 606 2386 704 2464; x_wconf 90' lang='lat' dir='ltr'><strong>periti.</strong></span> <span class='ocrx_word' id='word_1_143' title='bbox 746 2386 822 2447; x_wconf 84' lang='lat' dir='ltr'><strong>Haec</strong></span> <span class='ocrx_word' id='word_1_144' title='bbox 870 2404 950 2454; x_wconf 89' lang='lat' dir='ltr'><strong>eum,</strong></span> <span class='ocrx_word' id='word_1_145' title='bbox 978 2383 1030 2461; x_wconf 93' lang='lat' dir='ltr'><strong>qui</strong></span> <span class='ocrx_word' id='word_1_146' title='bbox 1052 2403 1214 2462; x_wconf 83' lang='lat' dir='ltr'><strong>generosus</strong></span> <span class='ocrx_word' id='word_1_147' title='bbox 1233 2404 1267 2443; x_wconf 87' lang='lat' dir='ltr'><strong>ac</strong></span> <span class='ocrx_word' id='word_1_148' title='bbox 1289 2385 1438 2463; x_wconf 81' lang='lat' dir='ltr'><strong>ingenuus</strong></span> 
     </span>
     <span class='ocr_line' id='line_1_18' title="bbox 253 2479 1436 2559; baseline 0.003 -20"><span class='ocrx_word' id='word_1_149' title='bbox 253 2482 363 2539; x_wconf 69' lang='lat' dir='ltr'><strong>Lina:</strong></span> <span class='ocrx_word' id='word_1_150' title='bbox 400 2480 460 2539; x_wconf 89' lang='lat' dir='ltr'><strong>Sed</strong></span> <span class='ocrx_word' id='word_1_151' title='bbox 486 2480 609 2538; x_wconf 81' lang='lat' dir='ltr'><strong>fortasse</strong></span> <span class='ocrx_word' id='word_1_152' title='bbox 641 2479 750 2538; x_wconf 88' lang='lat' dir='ltr'><strong>rectius</strong></span> <span class='ocrx_word' id='word_1_153' title='bbox 783 2480 822 2539; x_wconf 91' lang='lat' dir='ltr'><strong>ad</strong></span> <span class='ocrx_word' id='word_1_154' title='bbox 872 2480 966 2540; x_wconf 91' lang='lat' dir='ltr'><strong>videri</strong></span> <span class='ocrx_word' id='word_1_155' title='bbox 993 2482 1102 2559; x_wconf 83' lang='lat' dir='ltr'><strong>cupiat.</strong></span> <span class='ocrx_word' id='word_1_156' title='bbox 1147 2480 1202 2559; x_wconf 90' lang='grc' dir='ltr'><strong>[Ε.</strong></span> <span class='ocrx_word' id='word_1_157' title='bbox 1216 2502 1246 2559; x_wconf 85' lang='lat' dir='ltr'><strong>g.</strong></span> <span class='ocrx_word' id='word_1_158' title='bbox 1278 2482 1349 2542; x_wconf 90' lang='lat' dir='ltr'><strong>Juv.</strong></span> <span class='ocrx_word' id='word_1_159' title='bbox 1377 2484 1436 2543; x_wconf 79' lang='lat' dir='ltr'><strong>Sat.</strong></span> 
     </span>
     <span class='ocr_line' id='line_1_19' title="bbox 254 2572 1436 2652; baseline -0.002 -17"><span class='ocrx_word' id='word_1_160' title='bbox 254 2576 443 2636; x_wconf 74' lang='lat' dir='ltr'><strong>silicernium</strong></span> <span class='ocrx_word' id='word_1_161' title='bbox 461 2574 657 2652; x_wconf 88' lang='lat' dir='ltr'><strong>coquendum,</strong></span> <span class='ocrx_word' id='word_1_162' title='bbox 679 2574 745 2633; x_wconf 90' lang='lat' dir='ltr'><strong>h.e.</strong></span> <span class='ocrx_word' id='word_1_163' title='bbox 761 2595 820 2634; x_wconf 88' lang='lat' dir='ltr'><strong>coe·</strong></span> <span class='ocrx_word' id='word_1_164' title='bbox 871 2572 911 2631; x_wconf 86' lang='lat' dir='ltr'><strong>V.</strong></span> <span class='ocrx_word' id='word_1_165' title='bbox 927 2579 991 2639; x_wconf 88' lang='grc'><strong>127.</strong></span> <span class='ocrx_word' id='word_1_166' title='bbox 1032 2573 1094 2631; x_wconf 90' lang='lat' dir='ltr'><strong>“Si</strong></span> <span class='ocrx_word' id='word_1_167' title='bbox 1114 2574 1187 2650; x_wconf 93' lang='lat' dir='ltr'><strong>quid</strong></span> <span class='ocrx_word' id='word_1_168' title='bbox 1206 2574 1366 2633; x_wconf 75' lang='lat' dir='ltr'><strong>tentaveris</strong></span> <span class='ocrx_word' id='word_1_169' title='bbox 1381 2596 1436 2633; x_wconf 91' lang='lat' dir='ltr'><strong>un-</strong></span> 
     </span>
     <span class='ocr_line' id='line_1_20' title="bbox 252 2664 1437 2743; baseline 0 -17"><span class='ocrx_word' id='word_1_170' title='bbox 252 2688 322 2727; x_wconf 89' lang='lat' dir='ltr'><strong>nam</strong></span> <span class='ocrx_word' id='word_1_171' title='bbox 334 2669 466 2737; x_wconf 82' lang='lat' dir='ltr'><strong>feralem,</strong></span> <span class='ocrx_word' id='word_1_172' title='bbox 485 2687 537 2727; x_wconf 83' lang='lat' dir='ltr'><strong>seu</strong></span> <span class='ocrx_word' id='word_1_173' title='bbox 551 2667 752 2737; x_wconf 80' lang='lat' dir='ltr'><strong>novendialem,</strong></span> <span class='ocrx_word' id='word_1_174' title='bbox 773 2688 820 2727; x_wconf 90' lang='lat' dir='ltr'><strong>re·</strong></span> <span class='ocrx_word' id='word_1_175' title='bbox 871 2684 960 2741; x_wconf 89' lang='lat' dir='ltr'><strong>quam</strong></span> <span class='ocrx_word' id='word_1_176' title='bbox 986 2664 1121 2735; x_wconf 88' lang='lat' dir='ltr'><strong>Hiscere,</strong></span> <span class='ocrx_word' id='word_1_177' title='bbox 1157 2675 1300 2743; x_wconf 87' lang='lat' dir='ltr'><strong>tanquam</strong></span> <span class='ocrx_word' id='word_1_178' title='bbox 1328 2666 1437 2726; x_wconf 76' lang='lat' dir='ltr'><strong>habeas</strong></span> 
     </span>
     <span class='ocr_line' id='line_1_21' title="bbox 252 2757 1436 2841; baseline -0.005 -19"><span class='ocrx_word' id='word_1_179' title='bbox 252 2764 379 2822; x_wconf 82' lang='lat' dir='ltr'><strong>feratur:</strong></span> <span class='ocrx_word' id='word_1_180' title='bbox 392 2761 820 2841; x_wconf 86' lang='lat' dir='ltr'><strong>quopertinetNostr.Pseud.</strong></span> <span class='ocrx_word' id='word_1_181' title='bbox 869 2757 926 2815; x_wconf 85' lang='lat' dir='ltr'><strong>tria</strong></span> <span class='ocrx_word' id='word_1_182' title='bbox 938 2757 1104 2837; x_wconf 79' lang='lat' dir='ltr'><strong>nomina&#39;]</strong></span> <span class='ocrx_word' id='word_1_183' title='bbox 1144 2758 1219 2817; x_wconf 92' lang='lat' dir='ltr'><strong>Inde</strong></span> <span class='ocrx_word' id='word_1_184' title='bbox 1232 2769 1336 2817; x_wconf 90' lang='lat' dir='ltr'><strong>natum</strong></span> <span class='ocrx_word' id='word_1_185' title='bbox 1354 2760 1436 2837; x_wconf 90' lang='lat' dir='ltr'><strong>qnod</strong></span> 
     </span>
     <span class='ocr_line' id='line_1_22' title="bbox 254 2854 1435 2934; baseline 0.002 -19"><span class='ocrx_word' id='word_1_186' title='bbox 254 2854 319 2925; x_wconf 88' lang='lat'><strong>796.</strong></span> <span class='ocrx_word' id='word_1_187' title='bbox 334 2877 398 2934; x_wconf 90' lang='lat' dir='ltr'><strong>sqq.</strong></span> <span class='ocrx_word' id='word_1_188' title='bbox 870 2854 941 2912; x_wconf 94' lang='lat' dir='ltr'><strong>olim</strong></span> <span class='ocrx_word' id='word_1_189' title='bbox 961 2854 1084 2932; x_wconf 83' lang='lat' dir='ltr'><strong>ingenui</strong></span> <span class='ocrx_word' id='word_1_190' title='bbox 1108 2874 1226 2925; x_wconf 88' lang='lat' dir='ltr'><strong>nomen,</strong></span> <span class='ocrx_word' id='word_1_191' title='bbox 1253 2876 1435 2933; x_wconf 79' lang='lat' dir='ltr'><strong>praenomen,</strong></span> 
     </span>
    </p>
   </div>
   <div class='ocr_carea' id='block_1_8' title="bbox 253 2950 1435 3029">
    <p class='ocr_par' dir='ltr' id='par_1_8' title="bbox 253 2950 1435 3029">
     <span class='ocr_line' id='line_1_23' title="bbox 253 2950 1435 3029; baseline 0.008 -14"><span class='ocrx_word' id='word_1_192' title='bbox 253 2973 269 2995; x_wconf 77' lang='lat'><strong>‘⁶</strong></span> <span class='ocrx_word' id='word_1_193' title='bbox 282 2968 346 3026; x_wconf 87' lang='lat' dir='ltr'><strong>Quin</strong></span> <span class='ocrx_word' id='word_1_194' title='bbox 364 2968 394 3017; x_wconf 91' lang='lat' dir='ltr'><strong>ob</strong></span> <span class='ocrx_word' id='word_1_195' title='bbox 410 2982 462 3017; x_wconf 85' lang='lat' dir='ltr'><strong>eam</strong></span> <span class='ocrx_word' id='word_1_196' title='bbox 477 2983 526 3016; x_wconf 88' lang='lat' dir='ltr'><strong>rem</strong></span> <span class='ocrx_word' id='word_1_197' title='bbox 541 2967 618 3016; x_wconf 85' lang='lat' dir='ltr'><strong>Orcus</strong></span> <span class='ocrx_word' id='word_1_198' title='bbox 632 2966 736 3027; x_wconf 85' lang='lat' dir='ltr'><strong>recipere</strong></span> <span class='ocrx_word' id='word_1_199' title='bbox 750 2969 781 3015; x_wconf 87' lang='lat' dir='ltr'><strong>ad</strong></span> <span class='ocrx_word' id='word_1_200' title='bbox 795 2983 820 3016; x_wconf 88' lang='lat' dir='ltr'><strong>se</strong></span> <span class='ocrx_word' id='word_1_201' title='bbox 869 2959 900 3007; x_wconf 68' lang='lat' dir='ltr'><strong>el</strong></span> <span class='ocrx_word' id='word_1_202' title='bbox 912 2969 1069 3027; x_wconf 63' lang='lat' dir='ltr'><strong>8811⁰m⁰nr</strong></span> <span class='ocrx_word' id='word_1_203' title='bbox 1087 2950 1182 3009; x_wconf 60' lang='lat' dir='ltr'><strong>literis</strong></span> <span class='ocrx_word' id='word_1_204' title='bbox 1199 2961 1251 3024; x_wconf 63' lang='lat' dir='ltr'><strong>aut</strong></span> <span class='ocrx_word' id='word_1_205' title='bbox 1267 2950 1435 3029; x_wconf 65' lang='lat' dir='ltr'><strong>iffligssibffl</strong></span> 
     </span>
    </p>
   </div>
   <div class='ocr_carea' id='block_1_9' title="bbox 281 3040 1434 3249">
    <p class='ocr_par' dir='ltr' id='par_1_9' title="bbox 281 3040 1434 3249">
     <span class='ocr_line' id='line_1_24' title="bbox 339 3040 1434 3117; baseline 0.006 -19"><span class='ocrx_word' id='word_1_206' title='bbox 339 3042 402 3089; x_wconf 87' lang='lat' dir='ltr'><strong>hune</strong></span> <span class='ocrx_word' id='word_1_207' title='bbox 419 3040 502 3098; x_wconf 80' lang='lat' dir='ltr'><strong>noluit,</strong></span> <span class='ocrx_word' id='word_1_208' title='bbox 868 3042 938 3113; x_wconf 83' lang='lat' dir='ltr'><strong>suis,</strong></span> <span class='ocrx_word' id='word_1_209' title='bbox 952 3044 1049 3102; x_wconf 88' lang='lat' dir='ltr'><strong>tribus</strong></span> <span class='ocrx_word' id='word_1_210' title='bbox 1061 3043 1154 3103; x_wconf 81' lang='lat' dir='ltr'><strong>literis</strong></span> <span class='ocrx_word' id='word_1_211' title='bbox 1167 3054 1269 3103; x_wconf 78' lang='lat' dir='ltr'><strong>notare</strong></span> <span class='ocrx_word' id='word_1_212' title='bbox 1283 3044 1434 3117; x_wconf 81' lang='lat' dir='ltr'><strong>solebant3</strong></span> 
     </span>
     <span class='ocr_line' id='line_1_25' title="bbox 282 3114 786 3174; baseline -0.002 -11"><span class='ocrx_word' id='word_1_213' title='bbox 282 3114 324 3163; x_wconf 90' lang='lat' dir='ltr'><strong>Uti</strong></span> <span class='ocrx_word' id='word_1_214' title='bbox 333 3115 362 3163; x_wconf 81' lang='lat' dir='ltr'><strong>ait</strong></span> <span class='ocrx_word' id='word_1_215' title='bbox 371 3115 418 3171; x_wconf 90' lang='lat' dir='ltr'><strong>hic,</strong></span> <span class='ocrx_word' id='word_1_216' title='bbox 429 3114 469 3174; x_wconf 90' lang='lat' dir='ltr'><strong>qui</strong></span> <span class='ocrx_word' id='word_1_217' title='bbox 477 3115 574 3163; x_wconf 81' lang='lat' dir='ltr'><strong>mortuis</strong></span> <span class='ocrx_word' id='word_1_218' title='bbox 584 3130 678 3165; x_wconf 81' lang='lat' dir='ltr'><strong>cranam</strong></span> <span class='ocrx_word' id='word_1_219' title='bbox 688 3123 786 3174; x_wconf 86' lang='lat' dir='ltr'><strong>coquat:</strong></span> 
     </span>
     <span class='ocr_line' id='line_1_26' title="bbox 281 3188 819 3249; baseline -0.004 -12"><span class='ocrx_word' id='word_1_220' title='bbox 281 3188 343 3237; x_wconf 91' lang='lat' dir='ltr'><strong>Nam</strong></span> <span class='ocrx_word' id='word_1_221' title='bbox 358 3188 396 3237; x_wconf 91' lang='lat' dir='ltr'><strong>hic</strong></span> <span class='ocrx_word' id='word_1_222' title='bbox 406 3190 470 3238; x_wconf 82' lang='lat' dir='ltr'><strong>solue</strong></span> <span class='ocrx_word' id='word_1_223' title='bbox 479 3188 525 3237; x_wconf 86' lang='lat' dir='ltr'><strong>illie</strong></span> <span class='ocrx_word' id='word_1_224' title='bbox 538 3204 638 3249; x_wconf 86' lang='lat' dir='ltr'><strong>coquere</strong></span> <span class='ocrx_word' id='word_1_225' title='bbox 653 3190 716 3249; x_wconf 91' lang='lat' dir='ltr'><strong>quod</strong></span> <span class='ocrx_word' id='word_1_226' title='bbox 725 3188 819 3247; x_wconf 84' lang='lat' dir='ltr'><strong>placeat</strong></span> 
     </span>
    </p>
   </div>
   <div class='ocr_carea' id='block_1_10' title="bbox 338 3264 440 3324">
    <p class='ocr_par' dir='ltr' id='par_1_10' title="bbox 338 3264 440 3324">
     <span class='ocr_line' id='line_1_27' title="bbox 338 3264 440 3324; baseline 0 -11"><span class='ocrx_word' id='word_1_227' title='bbox 338 3264 440 3324; x_wconf 84' lang='lat' dir='ltr'><strong>potest.&#39;’</strong></span> 
     </span>
    </p>
   </div>
   <div class='ocr_carea' id='block_1_11' title="bbox 867 3134 1434 3313">
    <p class='ocr_par' dir='ltr' id='par_1_11' title="bbox 867 3134 1434 3313">
     <span class='ocr_line' id='line_1_28' title="bbox 867 3134 1434 3212; baseline 0.007 -21"><span class='ocrx_word' id='word_1_228' title='bbox 867 3144 902 3192; x_wconf 93' lang='lat' dir='ltr'><strong>ut</strong></span> <span class='ocrx_word' id='word_1_229' title='bbox 927 3154 983 3212; x_wconf 88' lang='lat' dir='ltr'><strong>pro</strong></span> <span class='ocrx_word' id='word_1_230' title='bbox 1006 3134 1120 3206; x_wconf 83' lang='lat' dir='ltr'><strong>Quinto</strong></span> <span class='ocrx_word' id='word_1_231' title='bbox 1143 3134 1265 3194; x_wconf 85' lang='lat' dir='ltr'><strong>Valerio</strong></span> <span class='ocrx_word' id='word_1_232' title='bbox 1292 3137 1434 3208; x_wconf 84' lang='lat' dir='ltr'><strong>Maximo,</strong></span> 
     </span>
     <span class='ocr_line' id='line_1_29' title="bbox 868 3230 1434 3313; baseline 0.009 -25"><span class='ocrx_word' id='word_1_233' title='bbox 868 3230 906 3302; x_wconf 89' lang='lat' dir='ltr'><strong>Q.</strong></span> <span class='ocrx_word' id='word_1_234' title='bbox 916 3231 952 3288; x_wconf 87' lang='lat' dir='ltr'><strong>V.</strong></span> <span class='ocrx_word' id='word_1_235' title='bbox 964 3231 1009 3288; x_wconf 89' lang='lat' dir='ltr'><strong>M.</strong></span> <span class='ocrx_word' id='word_1_236' title='bbox 1035 3230 1160 3290; x_wconf 82' lang='lat' dir='ltr'><strong>Plautus</strong></span> <span class='ocrx_word' id='word_1_237' title='bbox 1176 3232 1209 3290; x_wconf 92' lang='lat' dir='ltr'><strong>in</strong></span> <span class='ocrx_word' id='word_1_238' title='bbox 1221 3232 1377 3292; x_wconf 79' lang='lat' dir='ltr'><strong>Aulularia</strong></span> <span class='ocrx_word' id='word_1_239' title='bbox 1386 3235 1434 3313; x_wconf 88' lang='lat' dir='ltr'><strong>jo-</strong></span> 
     </span>
    </p>
   </div>
   <div class='ocr_carea' id='block_1_12' title="bbox 252 3324 1434 3502">
    <p class='ocr_par' dir='ltr' id='par_1_12' title="bbox 252 3324 1434 3502">
     <span class='ocr_line' id='line_1_30' title="bbox 252 3324 1434 3435; baseline -0.016 -18"><span class='ocrx_word' id='word_1_240' title='bbox 252 3356 314 3416; x_wconf 91' lang='lat' dir='ltr'><strong>Ubi</strong></span> <span class='ocrx_word' id='word_1_241' title='bbox 331 3367 376 3415; x_wconf 86' lang='lat' dir='ltr'><strong>est</strong></span> <span class='ocrx_word' id='word_1_242' title='bbox 390 3356 477 3434; x_wconf 90' lang='lat' dir='ltr'><strong>jocus</strong></span> <span class='ocrx_word' id='word_1_243' title='bbox 490 3355 522 3413; x_wconf 91' lang='lat' dir='ltr'><strong>in</strong></span> <span class='ocrx_word' id='word_1_244' title='bbox 535 3356 674 3435; x_wconf 84' lang='lat' dir='ltr'><strong>Coquum</strong></span> <span class='ocrx_word' id='word_1_245' title='bbox 688 3356 817 3417; x_wconf 87' lang='lat' dir='ltr'><strong>conduc·</strong></span> <span class='ocrx_word' id='word_1_246' title='bbox 868 3344 935 3383; x_wconf 62' lang='lat'><strong>“¹¹¹¹</strong></span> <span class='ocrx_word' id='word_1_247' title='bbox 946 3324 1146 3395; x_wconf 54' lang='lat' dir='ltr'><strong>⁰1³⁰det⁰¹⁸it²</strong></span> <span class='ocrx_word' id='word_1_248' title='bbox 1156 3345 1263 3404; x_wconf 69' lang='lat' dir='ltr'><strong>nempe</strong></span> <span class='ocrx_word' id='word_1_249' title='bbox 1273 3327 1305 3384; x_wconf 70' lang='lat' dir='ltr'><strong>in</strong></span> <span class='ocrx_word' id='word_1_250' title='bbox 1315 3347 1434 3386; x_wconf 58' lang='lat' dir='ltr'><strong>“llum</strong></span> 
     </span>
     <span class='ocr_line' id='line_1_31' title="bbox 986 3422 1433 3502; baseline -0.002 -19"><span class='ocrx_word' id='word_1_251' title='bbox 986 3422 1035 3501; x_wconf 88' lang='lat' dir='ltr'><strong>m]</strong></span> <span class='ocrx_word' id='word_1_252' title='bbox 1044 3423 1177 3481; x_wconf 79' lang='lat' dir='ltr'><strong>furacem</strong></span> <span class='ocrx_word' id='word_1_253' title='bbox 1184 3445 1194 3493; x_wconf 84' lang='lat'>3</span> <span class='ocrx_word' id='word_1_254' title='bbox 1209 3423 1331 3502; x_wconf 84' lang='lat' dir='ltr'><strong>subjicit</strong></span> <span class='ocrx_word' id='word_1_255' title='bbox 1337 3425 1433 3484; x_wconf 84' lang='lat' dir='ltr'><strong>enim:</strong></span> 
     </span>
    </p>
   </div>
   <div class='ocr_carea' id='block_1_13' title="bbox 182 3422 1443 4105">
    <p class='ocr_par' dir='ltr' id='par_1_13' title="bbox 250 3422 1241 3637">
     <span class='ocr_line' id='line_1_32' title="bbox 250 3422 1162 3531; baseline -0.001 -20"><span class='ocrx_word' id='word_1_256' title='bbox 250 3461 325 3522; x_wconf 88' lang='lat' dir='ltr'><strong>tum,</strong></span> <span class='ocrx_word' id='word_1_257' title='bbox 343 3472 432 3529; x_wconf 90' lang='lat' dir='ltr'><strong>quem</strong></span> <span class='ocrx_word' id='word_1_258' title='bbox 444 3451 528 3529; x_wconf 81' lang='lat' dir='ltr'><strong>prius</strong></span> <span class='ocrx_word' id='word_1_259' title='bbox 542 3451 656 3511; x_wconf 88' lang='lat' dir='ltr'><strong>dictum</strong></span> <span class='ocrx_word' id='word_1_260' title='bbox 670 3464 715 3511; x_wconf 84' lang='lat' dir='ltr'><strong>est</strong></span> <span class='ocrx_word' id='word_1_261' title='bbox 726 3453 818 3511; x_wconf 84' lang='lat' dir='ltr'><strong>fuisse</strong></span> <span class='ocrx_word' id='word_1_262' title='bbox 868 3422 986 3531; x_wconf 53' lang='lat' dir='ltr'>[Qun</span> <span class='ocrx_word' id='word_1_263' title='bbox 1077 3518 1084 3530; x_wconf 32' lang='lat'><strong><em>³</em></strong></span> <span class='ocrx_word' id='word_1_264' title='bbox 1156 3516 1162 3530; x_wconf 46' lang='grc'><em>,</em></span> 
     </span>
     <span class='ocr_line' id='line_1_33' title="bbox 250 3516 1241 3637; baseline -0.002 -11"><span class='ocrx_word' id='word_1_265' title='bbox 250 3581 268 3602; x_wconf 87' lang='grc'>“</span> <span class='ocrx_word' id='word_1_266' title='bbox 279 3577 458 3636; x_wconf 86' lang='lat' dir='ltr'><strong>Multiloquum,</strong></span> <span class='ocrx_word' id='word_1_267' title='bbox 470 3575 603 3637; x_wconf 76' lang='lat' dir='ltr'><strong>gloriosum,</strong></span> <span class='ocrx_word' id='word_1_268' title='bbox 613 3576 737 3632; x_wconf 80' lang='lat' dir='ltr'><strong>insulsum,</strong></span> <span class='ocrx_word' id='word_1_269' title='bbox 746 3576 818 3626; x_wconf 89' lang='lat' dir='ltr'><strong>inuti·</strong></span> <span class='ocrx_word' id='word_1_270' title='bbox 868 3516 1029 3597; x_wconf 61' lang='lat' dir='ltr'><strong>Elwmfur</strong></span> <span class='ocrx_word' id='word_1_271' title='bbox 1044 3516 1241 3596; x_wconf 55' lang='lat' dir='ltr'><em>mfumfer&#39;u</em></span> 
     </span>
    </p>

    <p class='ocr_par' dir='ltr' id='par_1_14' title="bbox 182 3642 1443 4105">
     <span class='ocr_line' id='line_1_34' title="bbox 337 3642 1435 3723; baseline 0.005 -26"><span class='ocrx_word' id='word_1_272' title='bbox 337 3648 412 3697; x_wconf 82' lang='lat' dir='ltr'><strong>lem.”</strong></span> <span class='ocrx_word' id='word_1_273' title='bbox 907 3652 972 3705; x_wconf 90' lang='grc'><strong>281.</strong></span> <span class='ocrx_word' id='word_1_274' title='bbox 1013 3644 1122 3714; x_wconf 78' lang='lat' dir='ltr'><strong>Etiam,</strong></span> <span class='ocrx_word' id='word_1_275' title='bbox 1145 3643 1208 3723; x_wconf 83' lang='lat' dir='ltr'><strong>fur</strong></span> <span class='ocrx_word' id='word_1_276' title='bbox 1239 3642 1435 3723; x_wconf 58' lang='lat' dir='ltr'><strong>trifurcifer]</strong></span> 
     </span>
     <span class='ocr_line' id='line_1_35' title="bbox 182 3734 1443 3818; baseline -0.002 -18"><span class='ocrx_word' id='word_1_277' title='bbox 182 3734 183 3737; x_wconf 27' lang='lat'>¹</span> <span class='ocrx_word' id='word_1_278' title='bbox 251 3742 340 3801; x_wconf 88' lang='lat' dir='ltr'><strong>Unde</strong></span> <span class='ocrx_word' id='word_1_279' title='bbox 353 3748 486 3818; x_wconf 82' lang='lat' dir='ltr'><strong>apparet,</strong></span> <span class='ocrx_word' id='word_1_280' title='bbox 502 3737 595 3796; x_wconf 83' lang='lat' dir='ltr'><strong>fuisse</strong></span> <span class='ocrx_word' id='word_1_281' title='bbox 609 3736 820 3794; x_wconf 89' lang='lat' dir='ltr'><strong>vilissimorum</strong></span> <span class='ocrx_word' id='word_1_282' title='bbox 869 3739 959 3808; x_wconf 83' lang='lat' dir='ltr'><strong>‘Yes,</strong></span> <span class='ocrx_word' id='word_1_283' title='bbox 987 3749 1020 3797; x_wconf 90' lang='lat' dir='ltr'><strong>to</strong></span> <span class='ocrx_word' id='word_1_284' title='bbox 1044 3740 1083 3798; x_wconf 90' lang='lat' dir='ltr'><strong>be</strong></span> <span class='ocrx_word' id='word_1_285' title='bbox 1110 3759 1188 3808; x_wconf 84' lang='lat' dir='ltr'><strong>sure,</strong></span> <span class='ocrx_word' id='word_1_286' title='bbox 1215 3760 1276 3817; x_wconf 89' lang='lat' dir='ltr'><strong>you</strong></span> <span class='ocrx_word' id='word_1_287' title='bbox 1301 3739 1383 3799; x_wconf 78' lang='lat' dir='ltr'><strong>thies</strong></span> <span class='ocrx_word' id='word_1_288' title='bbox 1403 3740 1443 3799; x_wconf 85' lang='lat' dir='ltr'><strong>of</strong></span> 
     </span>
     <span class='ocr_line' id='line_1_36' title="bbox 250 3830 1432 3915; baseline -0.002 -20"><span class='ocrx_word' id='word_1_289' title='bbox 250 3856 414 3915; x_wconf 90' lang='lat' dir='ltr'><strong>coquorum</strong></span> <span class='ocrx_word' id='word_1_290' title='bbox 424 3833 551 3892; x_wconf 90' lang='lat' dir='ltr'><strong>officium</strong></span> <span class='ocrx_word' id='word_1_291' title='bbox 562 3831 708 3911; x_wconf 88' lang='lat' dir='ltr'><strong>ejusmodi</strong></span> <span class='ocrx_word' id='word_1_292' title='bbox 718 3850 816 3891; x_wconf 86' lang='lat' dir='ltr'><strong>coenas</strong></span> <span class='ocrx_word' id='word_1_293' title='bbox 864 3830 995 3891; x_wconf 65' lang='lat' dir='ltr'><strong>thievea?</strong></span> <span class='ocrx_word' id='word_1_294' title='bbox 1045 3830 1143 3890; x_wconf 81' lang='lat' dir='ltr'><strong>Etiam</strong></span> <span class='ocrx_word' id='word_1_295' title='bbox 1168 3833 1256 3903; x_wconf 83' lang='lat' dir='ltr'><strong>valet,</strong></span> <span class='ocrx_word' id='word_1_296' title='bbox 1283 3833 1353 3904; x_wconf 92' lang='lat' dir='ltr'><strong>imo,</strong></span> <span class='ocrx_word' id='word_1_297' title='bbox 1381 3834 1432 3903; x_wconf 86' lang='lat' dir='ltr'><strong>ita,</strong></span> 
     </span>
     <span class='ocr_line' id='line_1_37' title="bbox 250 3926 1434 4010; baseline -0.003 -18"><span class='ocrx_word' id='word_1_298' title='bbox 250 3953 376 4010; x_wconf 88' lang='lat' dir='ltr'><strong>coquere</strong></span> <span class='ocrx_word' id='word_1_299' title='bbox 383 3953 392 4003; x_wconf 85' lang='lat'>3</span> <span class='ocrx_word' id='word_1_300' title='bbox 427 3930 529 4009; x_wconf 84' lang='lat' dir='ltr'><strong>quales</strong></span> <span class='ocrx_word' id='word_1_301' title='bbox 562 3926 699 4004; x_wconf 79' lang='lat' dir='ltr'><strong>designat</strong></span> <span class='ocrx_word' id='word_1_302' title='bbox 729 3927 816 3986; x_wconf 89' lang='lat' dir='ltr'><strong>Nost.</strong></span> <span class='ocrx_word' id='word_1_303' title='bbox 864 3928 897 3986; x_wconf 92' lang='lat' dir='ltr'><strong>id</strong></span> <span class='ocrx_word' id='word_1_304' title='bbox 919 3928 997 3987; x_wconf 88' lang='lat' dir='ltr'><strong>facio</strong></span> <span class='ocrx_word' id='word_1_305' title='bbox 1018 3927 1099 4006; x_wconf 90' lang='lat' dir='ltr'><strong>quod</strong></span> <span class='ocrx_word' id='word_1_306' title='bbox 1117 3929 1203 3999; x_wconf 82' lang='lat' dir='ltr'><strong>dicis,</strong></span> <span class='ocrx_word' id='word_1_307' title='bbox 1224 3950 1333 4008; x_wconf 88' lang='lat' dir='ltr'><strong>nempe</strong></span> <span class='ocrx_word' id='word_1_308' title='bbox 1354 3930 1434 3989; x_wconf 89' lang='lat' dir='ltr'><strong>vitu-</strong></span> 
     </span>
     <span class='ocr_line' id='line_1_38' title="bbox 251 4020 1433 4105; baseline -0.002 -22"><span class='ocrx_word' id='word_1_309' title='bbox 251 4027 451 4095; x_wconf 75' lang='lat' dir='ltr'><strong>Massrneren,</strong></span> <span class='ocrx_word' id='word_1_310' title='bbox 475 4023 542 4105; x_wconf 74' lang='lat' dir='ltr'><strong>city</strong></span> <span class='ocrx_word' id='word_1_311' title='bbox 562 4022 695 4091; x_wconf 80' lang='lat' dir='ltr'><strong>Modum,</strong></span> <span class='ocrx_word' id='word_1_312' title='bbox 864 4020 989 4100; x_wconf 89' lang='lat' dir='ltr'><strong>perandi</strong></span> <span class='ocrx_word' id='word_1_313' title='bbox 1002 4022 1047 4080; x_wconf 93' lang='lat' dir='ltr'><strong>tui</strong></span> <span class='ocrx_word' id='word_1_314' title='bbox 1061 4042 1149 4081; x_wconf 82' lang='lat' dir='ltr'><strong>causa</strong></span> <span class='ocrx_word' id='word_1_315' title='bbox 1161 4023 1219 4082; x_wconf 88' lang='lat' dir='ltr'><strong>hoc</strong></span> <span class='ocrx_word' id='word_1_316' title='bbox 1231 4024 1348 4082; x_wconf 81' lang='lat' dir='ltr'><strong>locutus</strong></span> <span class='ocrx_word' id='word_1_317' title='bbox 1358 4042 1433 4081; x_wconf 83' lang='lat' dir='ltr'><strong>sum.</strong></span> 
     </span>
    </p>
   </div>
   <div class='ocr_carea' id='block_1_14' title="bbox 249 4130 1431 4230">
    <p class='ocr_par' dir='ltr' id='par_1_15' title="bbox 249 4130 1431 4230">
     <span class='ocr_line' id='line_1_39' title="bbox 249 4130 1431 4230; baseline 0.026 -49"><span class='ocrx_word' id='word_1_318' title='bbox 249 4141 266 4163; x_wconf 76' lang='lat'><strong>⁴⁶</strong></span> <span class='ocrx_word' id='word_1_319' title='bbox 280 4136 320 4185; x_wconf 86' lang='lat' dir='ltr'><strong>Fie</strong></span> <span class='ocrx_word' id='word_1_320' title='bbox 335 4152 365 4183; x_wconf 88' lang='lat' dir='ltr'><strong>on</strong></span> <span class='ocrx_word' id='word_1_321' title='bbox 379 4136 457 4184; x_wconf 87' lang='lat' dir='ltr'><strong>them!</strong></span> <span class='ocrx_word' id='word_1_322' title='bbox 474 4135 530 4193; x_wconf 88' lang='lat' dir='ltr'><strong>they</strong></span> <span class='ocrx_word' id='word_1_323' title='bbox 546 4134 614 4182; x_wconf 79' lang='lat' dir='ltr'><strong>amell</strong></span> <span class='ocrx_word' id='word_1_324' title='bbox 631 4132 657 4181; x_wconf 86' lang='lat' dir='ltr'><strong>of</strong></span> <span class='ocrx_word' id='word_1_325' title='bbox 671 4130 817 4181; x_wconf 83' lang='lat' dir='ltr'><strong>Fleet-Lane</strong></span> <span class='ocrx_word' id='word_1_326' title='bbox 905 4158 971 4210; x_wconf 74' lang='lat'><strong>282,</strong></span> <span class='ocrx_word' id='word_1_327' title='bbox 1011 4150 1124 4230; x_wconf 80' lang='lat' dir='ltr'><strong>Agnum</strong></span> <span class='ocrx_word' id='word_1_328' title='bbox 1138 4151 1223 4222; x_wconf 75' lang='lat' dir='ltr'><strong>dunc,</strong></span> <span class='ocrx_word' id='word_1_329' title='bbox 1238 4158 1354 4209; x_wconf 65' lang='lat' dir='ltr'><strong>dieresi</strong></span> <span class='ocrx_word' id='word_1_330' title='bbox 1363 4149 1431 4229; x_wconf 67' lang='lat' dir='ltr'><strong>pln-</strong></span> 
     </span>
    </p>
   </div>
   <div class='ocr_carea' id='block_1_15' title="bbox 250 4210 1432 4405">
    <p class='ocr_par' dir='ltr' id='par_1_16' title="bbox 250 4210 1435 4405">
     <span class='ocr_line' id='line_1_40' title="bbox 337 4210 1432 4324; baseline 0.002 -23"><span class='ocrx_word' id='word_1_331' title='bbox 337 4212 383 4257; x_wconf 69' lang='lat' dir='ltr'><strong>³¹¹d</strong></span> <span class='ocrx_word' id='word_1_332' title='bbox 398 4210 620 4317; x_wconf 67' lang='lat' dir='ltr'><strong>P³⁹·⁰⁰¹¹¹“·&#39;&#39;„,‚</strong></span> <span class='ocrx_word' id='word_1_333' title='bbox 631 4268 652 4315; x_wconf 74' lang='lat'><strong>1,</strong></span> <span class='ocrx_word' id='word_1_334' title='bbox 678 4267 746 4316; x_wconf 71' lang='lat' dir='ltr'><strong>s,‚„</strong></span> <span class='ocrx_word' id='word_1_335' title='bbox 862 4244 975 4324; x_wconf 57' lang='lat' dir='ltr'><strong>garon]</strong></span> <span class='ocrx_word' id='word_1_336' title='bbox 1016 4246 1104 4305; x_wconf 67' lang='lat' dir='ltr'><strong>‘Ana</strong></span> <span class='ocrx_word' id='word_1_337' title='bbox 1123 4247 1189 4305; x_wconf 68' lang='lat' dir='ltr'><strong>nat</strong></span> <span class='ocrx_word' id='word_1_338' title='bbox 1204 4247 1293 4314; x_wconf 74' lang='lat' dir='ltr'><strong>ramo,</strong></span> <span class='ocrx_word' id='word_1_339' title='bbox 1318 4244 1432 4304; x_wconf 74' lang='lat' dir='ltr'><strong>which.</strong></span> 
     </span>
     <span class='ocr_line' id='line_1_41' title="bbox 250 4340 1365 4405; baseline -0.007 0"><span class='ocrx_word' id='word_1_340' title='bbox 250 4348 396 4405; x_wconf 88' lang='lat' dir='ltr'><strong>Caeterum</strong></span> <span class='ocrx_word' id='word_1_341' title='bbox 411 4345 479 4404; x_wconf 90' lang='lat' dir='ltr'><strong>vide</strong></span> <span class='ocrx_word' id='word_1_342' title='bbox 492 4346 522 4403; x_wconf 91' lang='lat' dir='ltr'><strong>in</strong></span> <span class='ocrx_word' id='word_1_343' title='bbox 537 4345 632 4404; x_wconf 85' lang='lat' dir='ltr'><strong>Gloss.</strong></span> <span class='ocrx_word' id='word_1_344' title='bbox 865 4359 934 4399; x_wconf 92' lang='lat' dir='ltr'><strong>ever</strong></span> <span class='ocrx_word' id='word_1_345' title='bbox 947 4341 983 4397; x_wconf 87' lang='lat' dir='ltr'><strong>of</strong></span> <span class='ocrx_word' id='word_1_346' title='bbox 999 4340 1049 4399; x_wconf 92' lang='lat' dir='ltr'><strong>the</strong></span> <span class='ocrx_word' id='word_1_347' title='bbox 1066 4351 1127 4399; x_wconf 89' lang='lat' dir='ltr'><strong>two</strong></span> <span class='ocrx_word' id='word_1_348' title='bbox 1141 4342 1166 4400; x_wconf 92' lang='lat' dir='ltr'><strong>is</strong></span> <span class='ocrx_word' id='word_1_349' title='bbox 1180 4342 1231 4399; x_wconf 88' lang='lat' dir='ltr'><strong>the</strong></span> <span class='ocrx_word' id='word_1_350' title='bbox 1245 4341 1365 4399; x_wconf 86' lang='lat' dir='ltr'><strong>stouter’</strong></span> 
     </span>
    </p>
   </div>
   <div class='ocr_carea' id='block_1_16' title="bbox 0 0 1630 5217">
    <p class='ocr_par' dir='ltr' id='par_1_17' title="bbox 0 0 1630 5217">
     <span class='ocr_line' id='line_1_42' title="bbox 0 0 1630 5217; baseline 0 2"><span class='ocrx_word' id='word_1_351' title='bbox 0 0 1630 5217; x_wconf 95' lang='lat' dir='ltr'><strong> </strong></span> 
     </span>
    </p>
   </div>
  </div>
 </body>
</html>
