3250 5217
292 568 357 630 144
709 568 1016 634 GLOSSARIUM

286 784 336 822 me.
376 764 410 820 P.
432 763 554 822 Utinam
572 761 660 822 vader
680 763 786 832 desint,
809 764 843 820 in
861 782 1010 822 carcerem
1029 772 1065 822 ut
1078 762 1144 820 sis.''
1184 761 1247 820 Cic.
1263 761 1350 821 Verr.
1370 762 1431 820 111.

289 884 335 936 15.
388 875 558 933 HornSat.
590 874 613 932 l.
643 892 685 932 rx.
714 873 761 934 36.
788 875 842 932 dcc.
896 872 1050 931 Translate
1081 871 1202 942 Noster,
1242 871 1331 932 Curc.
1368 873 1431 933 165.

286 989 377 1048 “Ubi
404 999 438 1046 tu
466 1008 507 1058 es,
537 987 590 1074 qui
615 1006 663 1044 me
692 985 879 1043 convadatu's
904 985 1032 1044 veneriis
1063 984 1239 1044 vadimoniis
1248 987 1281 1042 ?”
1329 986 1430 1061 (Have

283 1105 387 1165 bound
406 1125 454 1164 me
473 1123 544 1163 over
562 1104 604 1180 by
627 1100 752 1160 sureties
772 1110 805 1157 to
828 1102 986 1177 appear.)“

337 1252 404 1311 275.
456 1234 657 1322 sexcenta]
712 1245 772 1303 Pro
796 1244 911 1322 infinito
935 1267 1009 1325 pene
1034 1266 1168 1306 numero.
1215 1247 1259 1323 (A
1285 1246 1429 1306 thousand

283 1370 368 1429 other
384 1368 507 1446 things.)
547 1367 625 1426 Vide
646 1366 729 1425 Men.
751 1374 817 1436 795.
841 1366 878 1424 G.
918 1366 1029 1425 Pseud.
1046 1365 1112 1425 630.
1134 1365 1256 1437 “Quasi
1271 1366 1346 1424 mihi
1368 1386 1429 1424 non

283 1487 414 1537 sescenta
435 1487 517 1536 tanta
538 1476 592 1534 soli
613 1477 726 1534 soleant
746 1476 899 1535 credier?”
947 1476 986 1534 In
1012 1497 1044 1536 re
1072 1476 1125 1535 tali
1151 1476 1315 1553 Anglicum
1341 1485 1427 1544 esset,

284 1591 343 1667 (As
363 1593 392 1649 if
395 1592 461 1669 five
480 1587 620 1648 hundred
644 1589 730 1647 times
752 1609 783 1647 as
803 1587 894 1648 much
916 1608 994 1647 were
1020 1597 1074 1646 not
1093 1589 1175 1646 osten
1195 1588 1311 1647 trusted
1330 1599 1361 1646 to
1380 1609 1429 1645 me

282 1703 398 1782 alouel)
440 1703 508 1762 Ter.
522 1702 643 1761 Phorm.
658 1701 714 1760 IV.
730 1720 780 1759 111.
801 1700 847 1760 63.
889 1702 1071 1760 “Sexcentar
1089 1701 1216 1779 proinde
1234 1702 1354 1761 scribito
1364 1702 1428 1780 jam

281 1815 355 1874 mihi
376 1815 482 1874 dieas.''
530 1812 592 1872 Ubi
613 1812 743 1870 Donsr:
772 1812 970 1890 ''Perspicere
995 1811 1066 1871 hinc
1091 1812 1161 1871 licet
1183 1812 1428 1871 consuetudinem
1554 1861 1559 1868 .

282 1928 437 2006 utriusque
459 1925 608 1986 sermonis.
661 1924 742 1983 Nam
768 1924 969 2002 Apollodorus
996 1928 1089 2005 poploe
1120 1925 1204 1995 dixit,
1236 1946 1291 2004 pro
1315 1924 1426 1983 multis.

281 2041 323 2100 Et
340 2051 375 2099 ut
396 2038 477 2117 apud
498 2038 618 2096 Graecos
643 2041 734 2118 μυρία,
756 2037 799 2094 ita
821 2036 904 2114 apud
924 2057 979 2095 nos
999 2046 1130 2096 sexcenta
1150 2037 1251 2096 dicere
1271 2057 1327 2116 pro
1350 2037 1427 2095 mul-

280 2149 318 2210 tis
343 2150 485 2209 usitatum
514 2158 566 2208 est.
613 2148 675 2207 Cic.
696 2147 784 2206 Verr.
808 2147 832 2204 Ι.
863 2156 909 2214 47.
963 2156 984 2181 “
993 2146 1132 2206 Sescenta
1159 2168 1280 2226 possum
1309 2148 1427 2206 decreta

280 2264 469 2343 proferre.”“
515 2261 598 2319 Infra
620 2269 687 2326 472.
729 2259 860 2319 Treceni.

333 2410 399 2471 279.
448 2391 696 2482 NundinallS.]
745 2403 825 2463 Vide
848 2403 930 2462 Nott
971 2403 1093 2462 Coenam
1111 2415 1210 2463 autem
1224 2404 1355 2475 feralem,
1369 2424 1424 2462 seu

280 2523 482 2591 novendialem,
501 2521 674 2614 vilissimam
692 2521 794 2590 fuisse,
812 2543 848 2580 ex
866 2523 968 2581 multis
990 2522 1182 2601 antiquorum
1199 2523 1271 2581 locis
1292 2534 1424 2602 apparet.

280 2637 440 2695 Constabat
459 2633 636 2712 plerumque
656 2653 694 2690 ex
717 2634 790 2703 ovis,
810 2633 951 2701 lentibus,
979 2635 1083 2705 cicere,
1114 2636 1200 2707 fabis,
1226 2636 1323 2706 melle,
1344 2637 1423 2706 libis,

279 2754 310 2804 et
330 2742 426 2802 simill.
466 2740 550 2798 Conf.
578 2740 649 2799 Juv.
677 2739 735 2798 Sat.
753 2740 793 2799 VJ
816 2748 862 2800 84.
903 2741 992 2800 “Sed
1017 2743 1072 2801 tibi
1098 2742 1223 2802 dimidio
1248 2745 1423 2803 constrictus

279 2874 443 2915 cammarus
469 2874 526 2912 ovo
547 2851 683 2920 Ponitur,
713 2853 823 2931 exigua
843 2853 957 2932 feralis
986 2876 1064 2914 coena
1091 2856 1225 2935 patella.”
1286 2857 1423 2935 (Spoken

279 2966 538 3046 contemptuously
561 2986 592 3024 as
616 2965 788 3044 comparing
810 2966 863 3025 the
894 2977 1071 3045 sumptuous
1093 2969 1156 3027 fare
1178 2969 1214 3026 of
1234 2968 1325 3027 Virro
1348 2967 1422 3026 with

277 3082 342 3141 that
358 3082 393 3139 of
408 3081 455 3138 his
477 3078 653 3138 humiliated
670 3079 879 3157 dependants.)
920 3078 968 3138 Sic
984 3079 1073 3138 etiam
1087 3079 1325 3159 interpretandus
1339 3080 1420 3138 locus

273 3195 391 3276 jamdiu
409 3193 575 3272 exagitatus
595 3191 678 3270 apud
698 3192 768 3251 Tac.
793 3193 873 3250 Anu.
893 3191 949 3250 VI.
972 3200 1000 3252 5.
1041 3192 1155 3251 “Cotta
1177 3194 1353 3252 Messalinus
1373 3213 1419 3251 ar-

278 3307 390 3385 guitur,
418 3325 487 3365 cum
514 3303 562 3362 die
584 3304 675 3363 natali
696 3305 845 3381 Augusta
865 3303 942 3362 inter
969 3304 1133 3364 sacerdotes
1163 3304 1343 3383 epularetur,
1370 3325 1419 3362 no-

277 3416 432 3478 vendialem
458 3435 522 3474 earn
549 3435 653 3472 canam
680 3414 817 3474 dixisse.''
850 3415 879 3472 b.
894 3436 920 3474 e.
947 3435 1015 3474 cum
1034 3415 1097 3494 jam
1123 3427 1249 3476 mortuae
1272 3420 1417 3496 Augustae

278 3530 342 3589 dies
375 3526 480 3585 natalis
510 3525 673 3584 etiamdum
709 3526 917 3596 celebraretur,
942 3547 1011 3586 eum
1042 3548 1097 3605 per
1126 3541 1331 3607 contemptum
1362 3529 1419 3587 hoc

275 3646 387 3704 festum
409 3662 516 3700 coenarn
542 3639 733 3700 novendialem
762 3641 966 3721 appellavisse.
1023 3643 1055 3701 Si
1074 3619 1167 3720 igitur
1189 3663 1273 3703 coena
1292 3643 1357 3720 ipsa
1375 3643 1418 3700 ita

275 3770 329 3829 vili
358 3768 568 3834 estimabatur,
595 3765 737 3823 nimirum
763 3766 906 3825 vilissimo
929 3767 1025 3846 pretio
1055 3779 1153 3827 essent
1174 3769 1272 3846 coqui,
1301 3768 1354 3845 qui
1379 3767 1418 3825 ad

272 3903 340 3942 eam
360 3879 522 3959 parandam
541 3877 679 3938 conducti
702 3877 787 3937 irent.
836 3878 929 3938 Plura
950 3880 988 3938 de
1008 3879 1162 3940 Siliceruio
1182 3880 1285 3939 videre
1305 3890 1350 3940 est
1369 3880 1418 3939 vel

274 3996 357 4074 apud
375 3993 514 4054 Servium
527 3991 565 4050 ad
579 3990 662 4068 Virg.
678 3989 745 4048 AEn.
758 3990 796 4049 V.
811 3989 858 4050 64.
900 3999 920 4026 “
930 3991 1083 4062 Praeterea,
1101 3991 1126 4049 si
1142 4012 1217 4050 nono
1239 3991 1319 4050 diem
1338 4010 1417 4048 mor-

273 4107 383 4166 talibus
403 4106 515 4164 almum
537 4104 656 4162 Aurora
676 4101 817 4162 extulerit
824 4104 853 4172 ;”
880 4103 928 4162 vel
948 4105 1132 4163 Commentt:
1164 4105 1195 4162 in
1219 4105 1293 4164 Hor.
1315 4104 1415 4183 Epod.

273 4217 380 4277 «XVII.
407 4224 452 4276 48.
501 4217 596 4276 “Nec
624 4215 656 4274 in
684 4215 828 4294 sepulcris
853 4237 1021 4295 pauperum
1044 4217 1177 4295 prudens
1202 4239 1276 4278 anus
1303 4218 1416 4278 Noven-

274 4325 366 4386 dialer
386 4327 528 4405 dissipare
552 4327 718 4404 pulveres.'’
