3250 5217
658 578 957 644 AULULARIA.
1351 588 1392 655 91

315 766 509 841 Strobilum
534 771 652 854 miror,
678 773 740 844 ubi
764 774 822 856 sit,
846 784 950 869 quoni
976 799 1040 872 ego
1062 801 1120 851 me
1138 781 1311 873 jusseram

315 892 389 965 Hic
413 894 573 989 opperiri.
626 894 736 969 Nunc
756 922 821 994 ego
845 924 983 972 meeum
1009 902 1144 997 cogito:

316 1016 356 1088 Si
380 1017 471 1091 mihi
493 1019 555 1094 dot
579 1046 730 1117 operam,
757 1047 815 1096 me
839 1022 895 1095 iili
919 1025 1021 1099 irasci
1046 1027 1217 1123 injurium
1239 1042 1302 1103 est.

315 1140 381 1213 Ibo
403 1143 508 1227 intro,
534 1145 595 1215 ubi
619 1144 663 1217 de
688 1146 803 1241 capite
829 1171 906 1220 meo
932 1159 1015 1221 sunt
1040 1152 1192 1225 comitia.

560 1728 662 1790 ACT.
690 1728 747 1790 IV.
807 1729 954 1792 SCENA
981 1729 1039 1793 IV.

700 1979 905 2029 STROBILUS.

289 2061 309 2111 ,Α
395 2061 403 2083 .

289 2098 565 2252 mivitiis,
589 2170 651 2264 qui
673 2195 795 2242 aureos
819 2180 958 2244 montes
984 2169 1117 2252 colunt,
1339 2176 1396 2235 655

313 2291 396 2387 Ego
421 2292 514 2365 solus
538 2296 683 2390 supero!
709 2294 806 2368 Nam
833 2297 919 2368 istos
945 2321 1045 2392 reges
1070 2304 1201 2368 ceteros

261 2543 281 2572 v.
292 2535 333 2574 6⁶1.
358 2536 450 2582 Mejtoee.
463 2545 534 2574 omnes
544 2534 606 2574 codd
618 2536 658 2575 nisi
669 2537 691 2583 0,
703 2537 758 2576 unde
769 2538 826 2576 obest
836 2546 872 2577 mo.
897 2538 1026 2587 conjeceram
1041 2537 1135 2586 equidem
1151 2538 1259 2587 legendum
1275 2548 1323 2585 esse,
1341 2548 1399 2587 quom

214 2600 358 2645 momorum
369 2597 405 2635 Me
414 2597 447 2635 hit
457 2606 503 2645 opp.
516 2597 551 2636 sed
562 2601 633 2635 sonus
643 2596 748 2635 listomm
759 2596 822 2635 fldem
833 2598 882 2636 nolo
893 2598 979 2637 turbare.
1005 2598 1104 2638 ceterum
1115 2598 1149 2636 hie
1160 2608 1228 2637 versus
1239 2602 1260 2637 et
1270 2608 1323 2647 seqq.
1336 2610 1399 2647 usque

215 2662 241 2699 ad
252 2672 271 2699 v.
284 2660 325 2706 687,
337 2662 412 2699 absint
422 2670 436 2698 e
447 2660 470 2698 B.
484 2671 503 2707 a,
520 2660 591 2704 totius,
610 2663 635 2697 ut
645 2658 731 2706 videtur,
749 2659 795 2699 folii
806 2661 979 2708 jactura—ott
993 2662 1039 2700 Meo
1050 2648 1242 2708 uouoouitiia'ssws
1252 2662 1398 2710 pronuntianti.

214 2727 293 2771 -eunt,
305 2733 376 2763 omnes
387 2723 450 2763 codd.
461 2724 529 2763 Nono.
542 2728 564 2763 et
574 2723 737 2763 Vina—45⁶.
750 2723 801 2769 Pici,
813 2723 876 2773 plane
887 2723 914 2762 V.
926 2725 944 2761 n
957 2724 981 2761 Β.
994 2725 1010 2761 1.
1023 2724 1051 2762 Η.
1060 2725 1078 2761 2.
1087 2724 1104 2761 o.
1117 2727 1138 2762 et
1150 2723 1203 2770 iio,
1214 2724 1256 2772 (sed
1267 2724 1336 2765 littera
1346 2736 1357 2764 s
1368 2736 1400 2764 su·

215 2788 329 2836 pamm
342 2786 400 2836 qussi
409 2790 461 2825 esset
473 2787 533 2833 Picis,
545 2791 569 2825 ut
580 2786 643 2825 edidit
654 2786 699 2829 Bo)
716 2787 776 2835 eiijus
786 2785 885 2835 glossema
896 2790 926 2825 est
937 2786 959 2824 in
970 2796 1037 2835 marg:
1057 2786 1136 2826 “Picus
1147 2790 1223 2825 veteres
1234 2797 1277 2825 esse
1287 2788 1398 2827 voluerunt

214 2861 266 2899 quos
277 2849 340 2889 ornei
351 2848 432 2897 gripun
442 2848 552 2897 appellent.
576 2847 631 2887 Non
644 2848 706 2886 unc.
719 2847 753 2885 all.
766 2848 787 2885 h.
800 2846 829 2886 tl·
841 2852 871 2885 eet
882 2848 945 2887 etinni
956 2848 979 2887 in
990 2849 1043 2893 Et,
1059 2848 1124 2896 glou:
1141 2848 1210 2893 “Pici
1224 2858 1269 2897 que
1280 2850 1360 2899 griphes
1371 2851 1402 2889 di-

214 2913 633 2960 cuntur,tie.”etiiccom.ue.1um
652 2912 705 2959 Ἡ,
724 2911 885 2959 micton,
898 2913 959 2959 Dici;
974 2912 1173 2961 mendoseuterque,
1190 2912 1399 2954 sednntoerroreex

215 2976 265 3015 Pici
290 2976 348 3015 oua
360 2979 393 3022 (ex
405 2973 579 3023 interpretatione)
592 2974 618 3013 V.
629 2976 645 3011 l.
658 2973 682 3012 B.
691 2976 709 3012 2.
722 2974 745 3011 R
754 2976 774 3013 b.
787 2979 809 3013 et
820 2974 847 3012 H.
856 2976 873 3011 l.
889 2976 954 3022 (eujus
964 2973 987 3012 in
998 2984 1061 3023 merg-
1073 2974 1157 3013 etti’t'ei
1167 2974 1308 3023 edwinum)
1321 2976 1400 3015 Diuites

214 3039 251 3086 qui
269 3038 354 3083 divitiis,
380 3038 402 3076 0.
427 3038 486 3084 Vita,
507 3037 532 3074 lt
549 3039 565 3075 1.
588 3038 649 3083 Lites,
669 3036 696 3074 IL
712 3038 730 3074 :t
758 3036 822 3082 Pione,
842 3037 868 3081 A,
892 3036 948 3084 quod
965 3041 1035 3085 aperte
1053 3035 1109 3075 dedit
1130 3035 1228 3082 libratim,
1253 3042 1279 3076 ut
1302 3038 1399 3078 vitaretur

213 3088 386 3145 α’νακῶωυθον,
401 3110 449 3139 eum
460 3100 483 3138 in
495 3104 554 3139 textu
566 3099 666 3138 inmites
679 3099 736 3142 Pisi:
751 3104 773 3139 et
783 3099 839 3145 hine,
852 3098 918 3143 eredo,
926 3098 994 3137 omnis
1005 3102 1088 3137 ornat
1098 3096 1211 3137 lectionum
1222 3100 1313 3139 varicus
1338 3102 1400 3142 oete

215 3176 262 3205 rum
273 3166 320 3204 vide
330 3165 353 3203 in
364 3158 442 3202 Gloss'

253 3340 320 3399 651.
337 3336 342 3346 “
361 3336 516 3396 Strobilum
534 3337 630 3405 miror,
651 3338 780 3417 ubisit]
832 3358 954 3417 prorsus
963 3340 1103 3417 equidem
1112 3341 1197 3418 perii,
1212 3342 1308 3422 capite
1316 3343 1398 3401 dam·

217 3434 404 3493 constructio
417 3432 521 3491 eadem
530 3453 598 3509 quae
612 3432 710 3510 Supra
716 3440 781 3502 397.
833 3445 920 3493 natus
934 3455 1008 3493 sum.

215 3531 282 3590 624·
324 3530 406 3587 Infra
418 3536 483 3596 7⁵4·
512 3528 555 3586 Et
564 3530 715 3607 inseram
729 3548 784 3606 1³1⁰
873 3558 940 3618 655.
986 3557 1053 3617 Pu·
1082 3557 1200 3631 tutuo,
1228 3564 1303 3642 esu]
1347 3564 1397 3623 nx

208 3623 301 3700 jmi’
315 3634 349 3681 ut
361 3623 393 3682 in
406 3643 434 3679 v·
448 3621 515 3681 634·
828 3655 971 3713 librorum
995 3664 1026 3714 et
1043 3658 1205 3717 Msstorum
1223 3660 1396 3720 auctoritate

254 3754 320 3813 654.
365 3753 420 3812 Ubi
433 3753 469 3810 de
481 3752 575 3832 capite
587 3773 646 3811 meo
655 3761 721 3811 sunt
734 3773 778 3811 oo-
829 3760 951 3827 apparet
964 3750 1012 3809 vel
1026 3752 1092 3810 Pici
1105 3754 1152 3811 vei
1166 3752 1250 3813 Picis
1268 3754 1298 3813 h.
1312 3756 1332 3813 l.
1353 3757 1395 3816 le-

215 3848 325 3928 nutio]
371 3848 490 3925 Nempe
503 3848 585 3926 apud
598 3847 779 3907 avunculum
828 3841 960 3918 gendum
974 3863 1045 3901 esse.
1085 3844 1116 3902 Si
1137 3846 1284 3922 posterius
1298 3866 1395 3907 serve-

215 3964 316 4003 menm
342 3940 548 4018 Megadorum,
576 3943 629 4000 nbi
657 3941 693 3999 de
721 3942 782 3999 vita
830 3946 889 4008 tur,
910 3937 966 3995 erit
983 3938 1167 3997 accusativus
1184 3959 1240 4016 pro
1254 3939 1340 3999 Piceo
1357 3942 1396 4001 ad

215 4061 282 4099 mea
324 4048 354 4097 et
396 4057 448 4114 spe
487 4038 567 4095 omui
609 4037 780 4095 consulitur.
831 4035 956 4092 verbum
979 4054 1082 4113 supero
1112 4037 1272 4114 pertinens,
1309 4042 1395 4121 cujus

217 4136 345 4194 ‘Where
365 4132 437 4210 they
454 4152 503 4190 are
522 4132 626 4210 sitting
643 4133 675 4189 in
688 4131 780 4210 judg-
830 4128 1029 4187 nominativus
1047 4128 1106 4186 Pie
1129 4150 1180 4188 sen
1195 4131 1273 4190 Plu'e
1281 4155 1295 4199 ;
1317 4134 1394 4214 (Φίξ,

215 4242 296 4289 ment
309 4251 348 4288 on
361 4231 426 4287 me?
468 4228 547 4285 Nam
571 4228 594 4285 si
613 4228 780 4305 judicatum
830 4226 892 4304 βίξ,
913 4246 959 4303 ap.
974 4224 1121 4303 Hesych.)
1163 4226 1214 4285 Sin
1237 4229 1303 4289 Pici
1326 4252 1394 4291 cum

216 4329 306 4388 fuerit
328 4327 413 4385 illum
433 4325 589 4383 Phaedram
610 4325 779 4394 ducturum,
831 4322 1047 4399 antiquioribus
1057 4322 1143 4381 Edd:
1158 4324 1248 4402 legas,
1260 4329 1316 4387 erit
1324 4350 1392 4389 con-
