3250 5217
564 586 615 650 IN
641 585 986 649 AULULARIAM.
1270 579 1336 663 177

194 776 360 836 contrivisti
383 775 526 835 bubum?
554 776 574 835 ia
587 797 613 836 e.
633 778 704 846 lora,
726 777 825 856 flagra
851 777 924 836 Juv.
939 776 1146 847 SatV12492.
1188 785 1207 812 “
1219 775 1336 846 Taurea

196 891 284 970 punit
304 889 452 950 Continuo
472 891 540 950 flexi
562 891 675 951 crimen
695 891 871 969 facinusque
890 890 1016 969 capilli.'’

251 1082 319 1143 556.
365 1074 589 1174 Compedes]
643 1084 780 1147 Fetters.
828 1090 909 1148 Men.
930 1095 957 1146 4.
979 1087 1017 1145 G.

250 1254 319 1316 561.
366 1248 620 1344 Arbitrarler.]
674 1261 843 1329 Arbitrari;
872 1263 982 1322 arbiter
1005 1282 1086 1331 esse3
1115 1260 1147 1318 be
1170 1281 1189 1318 o
1214 1258 1335 1317 witness.

195 1386 305 1446 Giton:
341 1387 424 1447 Lect
453 1387 551 1446 Plaut.
589 1387 778 1458 ''Arbitrori‚
814 1389 864 1448 hic
891 1388 972 1448 idem
999 1398 1044 1448 est
1074 1386 1155 1466 quod
1181 1386 1343 1465 inspicere,

195 1499 396 1578 contemplari.
437 1500 515 1558 Nam
535 1497 673 1558 arbitrum
692 1501 807 1582 utique,
832 1508 884 1558 aut
898 1498 1040 1578 judicem,
1057 1516 1233 1574 cognoscere
1246 1495 1339 1574 probe

192 1622 224 1670 et
239 1613 385 1691 inspicere
402 1634 466 1672 rem
487 1613 582 1683 decet,
605 1624 765 1692 antequam
782 1612 942 1671 arbitretur
958 1632 1032 1682 rem,
1055 1624 1086 1671 et
1100 1611 1223 1690 judicet.
1257 1609 1338 1669 Hinc

193 1724 302 1783 arbiter
321 1746 376 1804 pro
396 1747 441 1796 eo,
462 1727 521 1805 qui,
536 1726 627 1795 videt,
650 1727 698 1786 vel
718 1726 810 1785 audit
852 1725 927 1785 Hor.
945 1726 1003 1804 Ep.
1021 1725 1044 1784 Ι.
1061 1742 1107 1782 x1.
1127 1723 1174 1783 26.
1214 1723 1337 1782 “Locus

196 1837 280 1896 effusi
308 1839 366 1897 late
391 1837 481 1898 maris
510 1838 647 1898 arbiter.”
689 1839 708 1897 i.
722 1859 748 1897 e.
768 1858 804 1897 ex
833 1857 893 1917 quo
920 1837 979 1896 late
1005 1836 1037 1894 in
1062 1855 1143 1894 mare
1169 1834 1337 1912 prospicere

194 1947 296 2026 possis.
337 1948 414 2008 Plin.
435 1949 502 2008 Lib.
526 1948 565 2007 V.
586 1958 632 2016 27.
680 1949 833 2009 “Taurus
852 1967 937 2006 mons
959 1947 1182 2006 innumerarum
1202 1945 1341 2026 gentium¹

193 2060 328 2119 arbiter.''
368 2061 528 2140 [“Where
546 2060 658 2131 Andes,
679 2061 763 2138 gient
782 2061 818 2118 of
834 2059 886 2118 the
907 2069 1035 2118 western
1055 2069 1124 2127 star,
1146 2055 1241 2114 Lools
1259 2057 1337 2114 from

192 2174 239 2232 his
253 2174 359 2233 throne
372 2174 408 2232 of
419 2173 522 2233 clouds
537 2175 595 2232 o'er
608 2172 677 2251 hoff
684 2173 731 2232 the
747 2173 862 2231 morbi?
903 2173 1026 2250 Campb.
1041 2171 1135 2230 Pleas
1154 2172 1190 2229 of
1200 2170 1337 2248 Hope.-

195 2287 323 2346 “While
336 2286 499 2348 over-head
513 2287 564 2346 the
576 2307 665 2344 moon
679 2287 730 2345 sits
744 2285 910 2344 arbitress.''
944 2285 1022 2344 Milt
1037 2285 1102 2343 Par.
1118 2284 1198 2342 Lost.
1212 2283 1237 2341 1.
1252 2283 1338 2361 785]

194 2398 305 2457 Noster
327 2399 392 2456 Mil.
411 2406 475 2459 158.
510 2398 618 2456 “Mihi
642 2397 764 2477 quidem
779 2397 843 2477 jam
864 2396 970 2456 arbitri
987 2397 1076 2457 vicini
1098 2399 1192 2455 sunt.”
1232 2397 1296 2455 Cas.
1311 2402 1339 2454 2.

197 2510 441 2571 Trinum.125.“
481 2511 584 2569 Addas
611 2510 703 2588 Apul.
732 2510 806 2568 Met.
829 2510 897 2569 Lib.
917 2510 940 2568 I.
992 2517 1011 2543 “
1020 2509 1143 2567 curiose
1170 2502 1339 2567 arbitrabar

193 2625 334 2703 jugulum
355 2625 497 2686 comitis.”
553 2625 583 2701 (l
601 2623 757 2684 examined
783 2623 981 2703 attentively.)
1024 2623 1125 2684 lb.11·.
1146 2621 1339 2681 “Editiorem

196 2738 346 2816 quendam
377 2739 508 2817 lapidem
537 2739 684 2805 insistens,
722 2749 830 2796 cuncta
864 2736 987 2796 curiosis
1020 2737 1113 2796 oculis
1147 2734 1339 2794 arbitrabar.”

195 2846 265 2906 Alia
284 2849 419 2927 exempla
436 2869 474 2907 ex
495 2849 599 2908 eodem
620 2858 739 2908 auctore
759 2849 884 2908 contulit
909 2848 1080 2906 Lambinus.
1119 2846 1199 2905 Vide
1220 2847 1304 2906 Nott.

250 3019 315 3080 562.
364 3012 579 3106 Indicassls.]
631 3027 691 3084 Pro
710 3026 828 3095 indices,
858 3026 905 3085 vel
931 3025 1111 3084 indicaveris.
1154 3027 1250 3105 Supra
1274 3036 1338 3089 185.

191 3150 260 3220 540.
303 3143 385 3202 Infra
398 3143 468 3209 565..

248 3321 316 3382 564.
362 3313 526 3388 Praedam
550 3320 662 3412 agat]
724 3329 845 3408 ”Agere
862 3328 1001 3408 predam,
1034 3329 1090 3405 (ait
1110 3330 1222 3388 Gens:
1254 3333 1336 3392 Leet.

195 3443 307 3523 Pleut.)
335 3445 456 3524 propria
477 3445 592 3523 phrasis
615 3457 660 3505 est
680 3446 718 3506 de
741 3447 850 3507 alienas
875 3459 977 3517 terres,
1009 3469 1105 3525 agros,
1128 3449 1222 3518 villas,
1243 3469 1339 3528 popu-

194 3559 325 3620 lantibus
347 3571 377 3619 et
400 3560 618 3638 diripientibus.
660 3563 725 3622 Liv.
748 3563 814 3622 Lib.
830 3563 855 3621 1.
896 3565 1052 3622 “Romani
1075 3585 1111 3622 ex
1134 3565 1261 3636 Albano,
1284 3566 1337 3625 Al-

196 3672 267 3731 bani
303 3692 340 3730 ex
377 3671 512 3730 Romano
543 3674 663 3751 proedos
698 3674 827 3735 invicem
866 3678 1009 3754 agereut.”
1063 3676 1135 3736 Tac.
1168 3677 1247 3736 Hist
1282 3677 1339 3737 1v.

197 3785 344 3843 “vastari
369 3783 464 3844 Ubios
487 3786 692 3866 Treverosque
712 3788 817 3867 jubet:
846 3796 920 3847 actae
942 3789 1055 3867 ubique
1075 3790 1211 3868 proedoe.''
1256 3789 1335 3850 Just

197 3893 301 3952 XXII.
322 3882 349 3952 6.
381 3893 534 3952 “Praedas
550 3894 685 3972 ingentes
704 3895 822 3974 ogit.’'“
850 3896 946 3956 Graeci
964 3897 1243 3986 dicunt-lentant:
1258 3898 1339 3975 quod

196 4015 279 4064 notat
302 4005 403 4063 Luna.
424 4004 517 4064 citans
538 4006 611 4065 Coes.
634 4007 700 4065 Lib.
714 4007 769 4066 VI.
811 4007 950 4066 “Proedo
971 4029 1008 4066 ex
1028 4009 1165 4068 omnibus
1181 4010 1253 4070 locis
1271 4030 1339 4088 oge-

196 4118 309 4179 batur.''
349 4119 436 4176 Corn.
458 4121 533 4197 Nep.
549 4119 634 4178 XIV.
654 4122 726 4199 Cap.
742 4130 787 4181 10.
828 4121 988 4201 “Magnas
1005 4122 1125 4201 proedos
1147 4123 1258 4201 agit.''''
1277 4124 1337 4184 Ubi

197 4241 297 4289 tamen
310 4281 312 4284 .
327 4230 375 4288 alii
401 4231 479 4310 capit
506 4231 619 4307 legunt,
652 4233 774 4290 sortasse
801 4253 838 4291 ex
861 4234 1111 4311 interpretatione,
1138 4245 1172 4292 ut
1190 4235 1232 4305 tit,
1261 4237 1339 4296 vocis

197 4342 292 4400 rarius
314 4343 371 4401 hoc
393 4362 481 4400 sensu
503 4343 625 4401 usitatoe.
