3250 5217
298 585 363 669 178
703 583 1013 648 (mossmnum

348 793 414 853 565.
468 782 723 883 Prohibessis]
781 798 838 856 Pro
849 796 1011 876 prohibeas.
1062 795 1227 876 ‘Apxa‘lxde
1258 794 1356 873 Supra
1369 798 1438 853 540.

348 996 414 1056 566.
465 987 561 1061 Rem
585 958 743 1060 divinam
765 985 918 1078 faeiem]
967 997 1047 1056 Vide
1072 997 1154 1055 Note
1175 995 1224 1055 sic
1238 993 1348 1072 Amph.
1370 1000 1438 1052 sm

295 1121 390 1198 “Ego
416 1138 473 1177 rem
503 1117 629 1176 divinam
654 1115 736 1174 intus
753 1113 897 1192 sociam?
947 1114 1027 1173 Rud.
1054 1121 1099 1174 13.
1121 1112 1211 1173 “Ubi
1232 1132 1289 1169 rem
1310 1108 1438 1167 divinem

296 1251 326 1290 se
337 1228 492 1310 facturum
513 1228 656 1288 dixerat.”
697 1225 744 1284 ld.
766 1233 813 1286 48.
830 1233 897 1291 257.
917 1225 983 1285 261.
1023 1225 1069 1284 Et
1087 1224 1209 1304 quidem
1231 1221 1347 1302 passim.
1374 1219 1438 1277 Cic.

295 1343 360 1402 Att.
382 1341 436 1401 IV.
459 1339 504 1400 16.
531 1338 603 1408 init„
645 1336 722 1398 “Ad
753 1357 812 1394 rem
842 1336 968 1395 divinam
998 1335 1072 1399 dicit
1091 1356 1132 1435 'oe
1158 1335 1233 1431 velle
1260 1329 1438 1426 discedere-J

294 1437 385 1504 Plura
411 1443 546 1522 exempla
572 1441 681 1502 videsis
707 1441 789 1521 opud
816 1442 928 1501 Goon:
955 1442 1039 1503 Leet
1059 1441 1156 1500 Pleut
1204 1441 1313 1498 Facere
1338 1445 1439 1495 autem

296 1552 326 1610 h.
339 1553 359 1612 1.
380 1552 458 1611 velet
478 1552 541 1610 fere
562 1549 604 1608 id.
626 1550 708 1629 quod
730 1549 816 1609 Infra
839 1549 915 1621 5763
940 1552 992 1609 ubi
1016 1551 1094 1610 Vide
1114 1549 1211 1608 Gloss.
1244 1535 1247 1540 ⁸

351 1742 417 1812 569·
466 1731 597 1832 Luem]
656 1746 734 1805 Cum
766 1747 859 1825 vulgo
891 1748 1023 1807 obtineat
1058 1745 1151 1806 lucum
1182 1767 1199 1804 a
1236 1762 1290 1802 nou
1323 1738 1440 1800 lucendo

298 1867 433 1936 derivari,
462 1866 584 1925 Servius
606 1865 712 1925 melius
733 1888 750 1925 a
773 1864 891 1925 lucendo
918 1866 1049 1936 deducit,
1077 1866 1148 1944 quie
1173 1863 1204 1922 in
1230 1863 1266 1920 iis
1292 1881 1355 1919 mos
1382 1859 1442 1917 fuit

298 1975 413 2045 lumino,
435 1969 585 2052 religionis
605 1994 701 2044 cansa,
724 1975 893 2033 accendere.

353 2169 420 2228 570.
466 2148 651 2250 Facinus]
708 2165 806 2244 Supra
828 2174 894 2225 ere
921 2167 958 2224 G.

354 2359 420 2418 575.
467 2343 677 2440 Reperero.]
729 2359 833 2430 Quaeri
855 2369 954 2437 potest
975 2377 1049 2416 num
1069 2357 1125 2417 hac
1148 2374 1225 2417 vocov
1241 2358 1279 2416 de
1297 2354 1443 2415 industria

300 2494 371 2532 usus
392 2474 431 2532 eit
453 2475 570 2540 Noster,
592 2495 661 2533 eum
680 2477 712 2533 in
734 2497 822 2536 versu
842 2478 1022 2557 proecedenti
1044 2476 1186 2535 inveniam
1209 2475 1326 2556 dixerit.
1377 2473 1443 2531 Ple-

301 2606 428 2664 rumque
458 2587 538 2645 enim
564 2588 689 2646 invenire
717 2589 754 2648 de
782 2593 872 2651 rebus
899 2593 994 2663 novis,
1020 2612 1076 2651 nec
1101 2592 1185 2670 prius
1211 2591 1297 2659 notis,
1324 2589 1445 2667 dicitur,

304 2702 398 2779 (unde
419 2701 549 2780 Anglice
565 2711 593 2763 to
611 2703 706 2762 invent
710 2708 740 2782 ;)
764 2717 866 2766 contra
884 2708 1020 2787 reperire,
1040 2707 1163 2786 proprio
1181 2725 1278 2774 sensu,
1294 2715 1340 2764 est
1356 2699 1443 2761 amd-

302 2834 364 2872 sum
384 2812 494 2892 aliquid
512 2813 646 2892 recipere.
687 2815 832 2894 Exempla
855 2817 950 2876 cuivis
972 2817 1059 2889 facile
1082 2827 1246 2884 occurrent,
1270 2814 1322 2873 sed
1344 2824 1445 2871 temen

301 2926 383 2984 haud
402 2945 469 2984 raro
488 2925 654 3004 promiscue
676 2926 724 2984 vel
744 2927 825 3005 apud
848 2929 975 3007 optimos
996 2941 1130 2988 auctores
1151 2938 1340 3008 usurpantur.
1379 2926 1445 2984 Ali·

304 3050 350 3098 ter
369 3038 526 3117 distinguit
546 3038 642 3097 Fido:
653 3019 656 3022 ⁵
667 3039 698 3096 in
722 3059 794 3099 voce
815 3039 936 3111 invenio,
958 3041 1011 3100 sed
1030 3051 1120 3110 reete,
1144 3041 1259 3119 opinor,
1278 3048 1368 3118 negat
1380 3059 1445 3097 eam

256 3125 259 3131 .
306 3172 396 3230 quam
414 3153 529 3230 profert
550 3150 770 3228 significationis
792 3154 964 3213 varietatem
986 3154 1129 3232 exemplis
1147 3152 1331 3232 comprobari
1351 3171 1446 3231 posse,

362 3332 428 3399 576·
475 3325 619 3418 Multi]
671 3340 765 3400 Aliud
781 3351 827 3400 est
845 3342 1009 3420 Anglicum
1028 3342 1117 3412 meod,
1137 3309 1358 3420 quodquidam
1378 3361 1446 3420 per-

308 3475 410 3536 peram
430 3456 462 3515 in
475 3455 716 3536 interpretatione
734 3461 786 3517 τοῦ
806 3460 890 3518 mulsi
908 3461 1073 3541 proferunt
1113 3459 1187 3518 Hor.
1201 3458 1262 3517 Sat.
1276 3457 1320 3515 11.
1335 3476 1378 3515 ιν.
1398 3456 1446 3517 26.

312 3579 332 3606 “
340 3569 415 3630 Leni
451 3571 614 3648 praeeordia
645 3571 734 3632 mulso
768 3574 918 3632 Prolueris
946 3573 1078 3631 melius.'’
1112 3571 1142 3629 h.
1162 3593 1188 3631 e.
1221 3571 1292 3628 vino
1326 3570 1448 3629 mellito.

234 3693 235 3698 ’
312 3681 403 3753 Quod
422 3680 464 3740 ait
484 3682 544 3741 Sat.
556 3681 599 3741 ΙΙ.
618 3703 654 3742 11.
678 3691 723 3745 15.
762 3686 857 3744 “Nisi
881 3686 1038 3764 Hymettia
1061 3668 1143 3742 mello
1160 3681 1287 3742 Falerno
1307 3701 1345 3740 ne
1364 3683 1448 3742 bibe·

311 3792 353 3850 ris
372 3791 488 3851 diluta?

349 4014 400 4028 -—
457 3969 692 4068 congialem]
743 3981 891 4060 Congium
924 3981 1141 4053 continentem3
1168 3982 1267 4060 congii
1301 4001 1447 4061 capacem.

314 4101 441 4180 Congius
462 4111 561 4161 eutem
582 4100 722 4160 sextarios
748 4119 799 4159 sex
826 4096 922 4180 eopit3
958 4101 1010 4179 qui
1035 4099 1105 4159 inde
1126 4118 1234 4159 nomen
1255 4099 1353 4170 habet,
1381 4100 1452 4178 quie

310 4233 381 4292 pers
402 4221 481 4272 sexto
502 4213 541 4272 sit
561 4213 667 4291 congii.
708 4212 834 4293 (Rether
853 4232 934 4270 more
957 4210 1028 4269 then
1047 4232 1065 4270 a
1086 4211 1186 4289 gallon
1201 4209 1345 4289 Englieh3
1367 4207 1451 4268 about

315 4322 380 4381 nine
396 4323 499 4401 pinis.)
