3250 5217
686 694 946 749 PRAEFATIO·
1354 696 1376 741 v

254 880 343 945 cent
374 883 504 947 autem
537 871 673 945 harum
700 894 828 945 rerum
858 870 984 970 periti,
1020 892 1070 945 an
1101 868 1375 958 illustramus,
1484 899 1487 905 <

253 1028 351 1104 quos
384 1032 433 1082 ex
471 1018 551 1081 tam
569 1017 692 1081 vasta
729 1004 926 1081 vindemia
962 1027 1118 1103 sperare
1157 1028 1228 1103 par
1262 1016 1375 1092 esset,

252 1138 326 1213 Vir
351 1140 427 1228 ille,
462 1140 503 1214 in
529 1164 571 1215 re
603 1136 790 1213 litteraria
817 1136 920 1211 haud
954 1160 1048 1244 sane
1081 1135 1300 1234 indiligens
1334 1137 1375 1211 in

252 1268 424 1343 medium
457 1268 721 1369 reportaverit.
772 1268 887 1344 Adde
917 1270 1022 1368 quod
1055 1293 1166 1355 unus,
1199 1280 1378 1368 notaeque

251 1400 285 1475 is
319 1401 477 1500 quidem
513 1402 693 1492 melioris,
731 1402 878 1490 Codex,
920 1402 1057 1477 Museo
1090 1415 1221 1478 nostro
1254 1426 1379 1503 nuper

253 1532 427 1620 accessit,
469 1533 581 1634 cujus
617 1534 659 1607 in
698 1534 884 1631 Catalogo
923 1558 1040 1633 supra
1080 1545 1288 1608 memorato
1328 1560 1379 1609 ne

252 1664 396 1738 mentio
430 1664 588 1763 quidem
620 1664 721 1740 sacta
756 1676 838 1755 est3
876 1665 937 1739 vel
969 1666 1073 1763 quod
1106 1666 1296 1763 posterius
1336 1666 1377 1739 in

253 1794 537 1872 Bibliothecam
561 1797 831 1872 Britannicam
854 1795 1062 1871 translatus
1081 1797 1142 1885 sit,
1165 1821 1283 1895 quam
1300 1797 1378 1870 Re·

252 1945 392 2002 census
436 1929 502 2005 ille
543 1928 760 2030 Valpianus
800 1928 928 2005 editus
970 1928 1097 2016 fuerit,
1141 1928 1203 2002 vel
1242 1927 1292 2003 ad
1336 1928 1377 2001 id

253 2070 406 2160 tempus
424 2060 466 2135 in
486 2062 661 2138 ordinem
688 2084 801 2137 suum
821 2062 924 2136 inter
949 2061 1087 2136 Libros
1110 2060 1246 2136 MStos
1273 2060 1380 2136 haud

254 2194 442 2284 redactus,
481 2196 743 2295 cognitionem
777 2196 864 2295 ejus
897 2193 1089 2271 fefellerit.
1137 2194 1271 2269 Codex
1314 2196 1382 2269 ille

253 2326 543 2406 Arundelianus
573 2333 676 2432 apud
710 2331 781 2406 hos
813 2342 963 2405 nostros
993 2330 1065 2405 sub
1094 2330 1206 2405 titulo
1236 2330 1274 2403 A
1306 2355 1378 2404 nu-

254 2470 463 2539 meretur*.

311 2729 419 2815 ¹Huc
460 2730 582 2805 etiam
606 2730 816 2832 adjiciendi
845 2742 936 2805 sunt
964 2741 1044 2805 tres
1071 2729 1236 2805 Codices
1262 2730 1379 2807 Plau-

254 2860 337 2949 tini,
370 2862 438 2961 qni
476 2872 677 2938 servantur
713 2864 754 2937 in
790 2861 1035 2937 Bibliotheca
1068 2862 1153 2937 Viri
1185 2864 1380 2939 Reveren-

175 3080 177 3085 ,
255 2984 418 3080 dissimi,
454 2992 646 3069 Samuelis
683 2993 847 3081 Butleri,
881 2992 1069 3092 Episcopi
1109 2991 1223 3068 hodie
1267 2992 1381 3102 Lich-

253 3124 486 3218 fieldiensis3
516 3151 681 3226 quorum
704 3126 854 3201 duobus
878 3126 927 3200 ad
948 3125 1050 3201 hanc
1073 3124 1246 3201 fabulam
1269 3120 1378 3202 illus-

255 3260 433 3335 trandam
460 3287 553 3337 usus
581 3287 679 3355 sum,
711 3260 780 3336 sed
804 3286 882 3335 non
909 3261 984 3335 nisi
1011 3272 1097 3361 post
1121 3287 1156 3335 v.
1175 3269 1260 3348 400,
1291 3287 1380 3337 cum

254 3418 300 3468 eo
322 3419 444 3492 usque
467 3396 619 3495 paginae
645 3407 784 3470 nostrae
810 3395 917 3494 typis
939 3405 1028 3468 ante
1050 3395 1264 3503 commissae
1289 3395 1377 3484 sint,

256 3552 384 3625 quam,
410 3528 596 3625 singulari
621 3528 892 3603 benevolentia
918 3526 1016 3614 Viri,
1044 3552 1154 3626 aeque
1178 3527 1303 3627 ipsius
1330 3528 1380 3602 de

204 3692 210 3705 .
254 3660 391 3735 litteris
426 3661 720 3749 benemerentiS,
769 3684 877 3759 aeque
915 3659 1079 3735 aliorum
1115 3659 1157 3734 in
1195 3685 1237 3736 re
1277 3662 1377 3737 litte-

255 3796 357 3868 raria
379 3794 549 3883 fautoris,
574 3795 683 3895 Libri
703 3794 777 3881 isti,
800 3805 989 3894 tanquam
1009 3817 1087 3868 non
1110 3792 1185 3868 sibi
1206 3794 1274 3869 sed
1294 3794 1377 3868 orbi

254 3931 423 4006 litterato
456 3931 677 4007 thesaurum
713 3955 956 4013 communem
991 3937 1187 4029 possessor
1217 3926 1376 4004 doctiss-

255 4084 340 4134 mus
353 4064 645 4159 comparaverit,
670 4062 803 4137 usibus
819 4062 960 4137 nostris
969 4061 1073 4161 jussi
1090 4060 1166 4135 sint
1184 4060 1379 4135 inservire.

255 4194 415 4273 Utinam
448 4223 497 4274 ne
523 4198 644 4273 sterili
674 4222 798 4273 arenae
825 4197 975 4273 semina
999 4221 1070 4272 sua
1091 4197 1295 4273 mandasse
1320 4196 1375 4273 vi-

576 4459 592 4489 *
613 4456 689 4514 Vide
711 4457 874 4514 Recensum
895 4454 1048 4514 Codicum.
