3250 5217
626 564 924 633 AULULARIA.

285 758 373 835 Infit
399 765 449 835 ibi
474 764 661 862 postulare,
687 765 838 864 plorans,
864 768 1021 863 ejulans:

285 888 338 961 Ut
363 889 429 961 sibi
450 888 574 967 liceret
596 892 743 966 miliiom
771 892 955 1003 νειᾶἓρςξυ

287 1012 460 1087 sexcenta
483 1028 577 1101 sunt,
603 1042 680 1113 quae
704 1043 905 1103 memorem,
931 1018 961 1090 si
986 1018 1033 1090 sit
1058 1018 1181 1091 otium.
1311 1037 1368 1095 275

286 1137 356 1212 Sed
382 1150 461 1214 uter
486 1154 679 1215 vostrorum
707 1153 761 1215 est
787 1142 958 1215 celerior?
984 1166 1140 1216 memora
1163 1142 1264 1216 mihi.

186 1260 255 1335 CO.
283 1263 376 1362 Ego,
394 1276 436 1339 ut
453 1266 567 1340 multo
583 1267 717 1340 melior.

692 1394 757 1468 ST.
785 1395 915 1468 Cocum
933 1419 1010 1493 ego,
1036 1418 1108 1467 non
1124 1392 1250 1481 furem,
1273 1423 1367 1497 rogo.

187 1510 258 1586 Co.
284 1513 418 1589 Cocum
442 1492 508 1616 ego
532 1518 620 1591 dico.

557 1640 619 1714 ST.
647 1638 748 1727 Quid
773 1651 815 1714 tu
841 1643 921 1714 ais?

881 1766 963 1840 AN.
992 1768 1050 1842 sie
1076 1795 1166 1857 sum,
1192 1781 1235 1844 ut
1260 1771 1367 1845 vides.

186 1884 252 1960 co.
285 1885 400 1963 Cocus
424 1889 486 1964 ille
511 1829 717 1964 diddiiriilis
744 1901 818 1964 est:
845 1893 882 1964 in
908 1917 1040 1967 nonum
1066 1895 1159 1969 diem

230 2111 248 2139 v.
261 2102 302 2146 277·
330 2100 433 2143 Utomirit
446 2102 482 2143 Bo.
495 2102 530 2141 red
544 2102 620 2143 brume
634 2106 703 2152 epure
718 2101 816 2151 seriptum
828 2112 900 2141 munes
915 2102 977 2141 codd
994 2102 1063 2152 rapide
1076 2107 1164 2152 murra,
1177 2109 1202 2144 ut
1215 2116 1260 2145 mus
1272 2107 1370 2155 carpus!

184 2158 288 2211 Nostrum,
302 2158 534 2213 pronuntiari—278«
548 2164 603 2202 Huic
616 2164 688 2211 versui,
702 2167 759 2205 utet
769 2174 816 2213 sqq:
829 2164 884 2203 varie
895 2164 950 2213 sprid
960 2164 1022 2203 codd
1035 2164 1153 2205 tnirmrntur
1163 2177 1265 2216 persuum
1278 2170 1312 2207 Sic
1323 2178 1370 2207 rum

184 2228 208 2265 ut
222 2227 283 2274 uider,
298 2228 353 2277 apud
365 2232 443 2277 reptem
457 2232 536 2267 nostres
551 2226 661 2276 conmuni
674 2226 745 2272 datum
760 2237 778 2265 v.
794 2228 835 2274 279,
851 2225 942 2275 quinque
955 2228 1050 2267 tribrrunt
1062 2228 1160 2269 strobile:
1175 2234 1196 2269 er
1210 2231 1240 2269 rie
1249 2232 1272 2269 in
1287 2232 1370 2280 reliquis

184 2288 404 2329 vaurum-ostem
418 2292 539 2340 mbsbsnt
553 2300 625 2329 omnes
637 2290 704 2329 Nurtr.
717 2294 738 2330 et
750 2288 826 2329 Vindd.
840 2300 867 2329 ue
878 2299 926 2329 urm
937 2290 1007 2331 Goell:
1021 2302 1069 2341 croc
1082 2293 1146 2343 Ιορις
1163 2295 1370 2335 commum

183 2349 318 2397 ulid—279.
332 2354 448 2393 Nundimt
460 2357 495 2401 ort,
507 2354 652 2403 pronuntianti.
664 2358 689 2394 ut
699 2358 721 2394 et
731 2354 754 2392 in
766 2354 789 2393 B.
797 2355 816 2401 2,
828 2354 927 2403 scripum
937 2355 1059 2395 inveniunt

184 2553 291 2601 amost
306 2542 425 2620 piteous
440 2541 515 2603 tale!
557 2540 693 2599 Praetoris
706 2541 751 2598 ni·
841 2547 908 2606 277.
950 2539 1052 2599 Cocum
1082 2561 1142 2620 ego,
1176 2562 1231 2601 non
1253 2540 1367 2619 furem,

184 2639 293 2695 mirum
306 2648 368 2697 erat
377 2637 429 2716 jus
442 2638 551 2707 dicere,
565 2648 595 2695 et
607 2636 752 2697 actionem
801 2637 899 2715 roge]
940 2635 974 2693 ‘I
989 2637 1043 2695 ask
1056 2637 1154 2696 which
1167 2638 1193 2695 is
1208 2638 1259 2697 the
1272 2640 1369 2697 better

184 2752 219 2791 ac
225 2731 344 2809 judices
354 2732 432 2809 dare.
459 2733 562 2791 Leuis.
586 2730 665 2791 Vide
676 2732 751 2789 Cur·
801 2730 877 2800 coola,
891 2741 944 2790 not
956 2728 1045 2810 thiqfi’
1068 2731 1213 2808 Vulgaris
1226 2732 1275 2791 hic
1287 2733 1370 2811 apud

185 2828 242 2887 cul.
257 2835 323 2898 379.
802 2826 947 2884 Nostrum
963 2825 1059 2904 jocus,
1081 2827 1161 2886 unde
1180 2828 1299 2887 videtur
1319 2850 1369 2888 co-

198 2953 214 2973 ιι
225 2950 250 2997 gi
260 2950 334 3009 magis
343 2966 381 2999 me
392 2950 520 3003 instabunt,
535 2916 691 3008 “dmm
701 2947 750 2996 suf-
802 2922 869 2997 quis
894 2921 960 2979 istis
987 2922 1185 2993 conductitiis,
1219 2944 1272 2982 seu
1299 2927 1369 2984 sub·

256 3026 354 3075 feram.''
800 3015 942 3075 ministris
955 3038 1068 3088 corum,
1081 3019 1158 3077 male
1171 3019 1252 3097 apud
1265 3019 1369 3080 domos

185 3111 285 3181 Persa,
305 3116 372 3170 485.
800 3110 910 3169 alienus
924 3111 1071 3171 creditum
1084 3132 1155 3171 esse.
1193 3113 1272 3173 Vide
1285 3114 1369 3174 Infra

248 3215 288 3262 “I
303 3215 334 3263 ud
349 3214 424 3263 iorum
438 3215 468 3260 ad
480 3211 625 3273 pretorem,'’
640 3213 685 3260 &c
802 3216 869 3274 317.
886 3229 951 3286 sqq.
990 3208 1098 3268 Pseud.
1113 3217 1213 3280 791-2.

222 3350 288 3410 274·
323 3336 362 3400 Ut
372 3334 630 3417 Sjbgljmet,etc·]
652 3336 749 3395 ‹That
815 3327 830 3347 “
840 3324 926 3372 Forum
939 3325 1067 3385 coquinum
1079 3326 1120 3385 qui
1131 3336 1225 3383 vocant,
1239 3326 1311 3376 stulte
1326 3342 1367 3375 vo-

183 3434 221 3497 he
246 3434 344 3513 might
369 3437 407 3494 be
432 3434 557 3544 anwed
579 3445 612 3507 to
633 3431 749 3543 cffmpel
840 3408 1100 3535 Nudaiiiiicoquinum
1110 3484 1154 3534 est,
1168 3479 1367 3537 rerum'surinum

183 3533 234 3591 the
252 3532 314 3590 kite
331 3542 363 3589 to
379 3530 449 3608 give
467 3530 545 3599 brul,'
557 3528 616 3606 (for
634 3528 680 3585 h1s
697 3547 749 3605 ap·
887 3546 991 3596 forum.”

183 3645 326 3705 pearance
347 3626 379 3685 in
400 3637 485 3686 court
504 3645 543 3685 on
558 3646 576 3683 a
595 3623 674 3683 fixed
692 3623 750 3701 day

182 3733 215 3781 to
227 3743 341 3781 answer
354 3724 401 3781 for
414 3723 465 3781 the
478 3721 609 3799 felony.)'
637 3722 751 3797 Cogere

183 3817 310 3877 miluum
325 3828 360 3875 ut
372 3818 424 3876 det
441 3815 498 3875 sibi
511 3815 697 3894 fidejussores
711 3815 749 3874 de

179 3914 249 3993 jure
262 3913 422 3973 reddendo.
463 3914 541 3973 Coss.
555 3913 616 3971 Ms.

839 3691 906 3755 279.
946 3681 1126 3746 Nundinalis
1141 3688 1211 3767 est]
1245 3688 1366 3767 Signifi-

799 3793 927 3842 estesse
945 3783 1067 3853 malum,
1088 3795 1119 3844 et
1134 3784 1316 3864 imperitum,
1336 3797 1366 3846 et

798 3879 976 3957 ignobssem:
996 3880 1102 3939 alludit
1114 3882 1194 3941 enim
1207 3883 1245 3941 ad
1258 3904 1366 3943 nomen

799 3974 1009 4045 nundinarum,
1025 3995 1091 4052 quae
1105 3996 1211 4035 anone
1220 3976 1269 4035 die
1279 3975 1365 4036 dictae

221 4066 288 4133 276.
324 4062 478 4145 Celerior]
504 4065 631 4125 ‘Which
645 4066 681 4124 of
689 4087 749 4144 you
800 4076 879 4137 sunt,
900 4078 1058 4147 propterea
1076 4070 1156 4146 quod
1174 4090 1243 4129 cum
1261 4069 1365 4130 rustici

146 4112 243 4221 itwo
261 4164 287 4221 is
304 4159 356 4221 the
376 4162 527 4241 sharper?
561 4162 688 4233 Alludit,
708 4162 750 4221 ait
798 4162 862 4221 dies
885 4174 951 4223 octo
971 4184 1040 4223 rure
1062 4164 1094 4222 in
1117 4185 1206 4243 opere
1229 4164 1365 4225 faciendo

184 4262 342 4332 Gulielmr,
369 4261 407 4321 ad
430 4260 543 4319 dictum
566 4263 626 4338 quo
647 4260 748 4320 furum
799 4260 906 4319 versati
924 4270 1029 4329 essent,
1049 4281 1129 4320 nono
1146 4262 1176 4320 in
1195 4268 1299 4325 urbem
1313 4288 1363 4327 ve-

183 4375 287 4417 manus
309 4358 413 4417 celeres
433 4356 526 4434 vulgo
546 4366 696 4416 vocantur.
798 4356 919 4417 niebant
950 4357 988 4415 ad
1022 4357 1104 4434 leges
1137 4359 1370 4439 cognoscendus,¹
