3250 5217
581 592 633 655 IN
660 592 1006 658 AULULARIAM.
1289 596 1351 660 131

266 803 330 855 res.
383 785 532 859 Virtute
557 786 693 876 deum]
762 794 815 875 By
840 787 935 857 Godo
962 795 1113 881 bossing.
1165 799 1245 861 Vide
1268 801 1354 861 Nou.

210 912 260 972 sie
282 896 354 972 Cos.
370 920 435 985 509.
476 922 497 949 “
505 912 620 973 Pietate
635 914 748 974 fautum
766 926 811 975 est
831 935 902 985 meu,
921 927 1010 994 atque
1030 920 1170 995 majorum
1188 938 1310 977 meorum
1320 920 1353 976 !''

210 1027 274 1086 Mil.
289 1027 356 1093 674.
396 1034 416 1061 “
426 1025 520 1084 Deum
541 1025 655 1096 virtute,
676 1026 835 1086 adeuntem
848 1027 978 1105 hospitio
991 1028 1124 1107 accipere
1137 1030 1218 1109 apud
1237 1051 1285 1090 me
1303 1051 1352 1091 co-

208 1140 259 1220 pis
281 1142 353 1200 est’'
392 1138 475 1197 Trin.
489 1136 556 1200 316.
597 1138 752 1217 “Edepol,
773 1138 855 1197 deum
874 1138 988 1210 uirtute,
1012 1152 1043 1200 et
1060 1142 1216 1221 majorum,
1237 1156 1268 1204 et
1289 1154 1351 1213 tuo,

211 1254 309 1314 Multa
335 1255 414 1312 bono
440 1251 611 1311 habemus.”
666 1251 773 1310 Pseud.
795 1250 861 1319 576.
910 1251 1087 1332 “Majorum
1114 1274 1236 1314 meorum
1259 1255 1353 1314 fretus

208 1364 314 1423 uirtute
334 1363 457 1423 dioum.”
497 1361 594 1420 Addit
615 1362 725 1421 Noster
747 1360 854 1430 Heus,
878 1363 962 1441 Cept.
984 1361 1027 1420 ΙΙ.
1052 1382 1088 1421 11.
1108 1370 1154 1429 74.
1191 1363 1277 1442 [254.
1294 1362 1351 1441 Β.]

209 1478 262 1537 ubi
286 1497 387 1536 versus
410 1476 461 1535 hio
482 1476 599 1554 integer
620 1474 755 1535 habetur.

263 1648 328 1700 124.
387 1631 606 1719 Ραοῒίοηθε]
668 1638 774 1719 party
800 1638 984 1723 inflatum
1019 1638 1161 1709 wealde,-
1187 1657 1225 1699 or
1250 1638 1348 1699 rank.

208 1762 336 1832 Nonius,
353 1762 405 1842 qui
423 1763 505 1823 hune
526 1763 626 1823 locum
645 1763 726 1832 citat,
748 1763 877 1822 ’'Factio
896 1764 1043 1842 significat
1063 1764 1245 1843 opulentiam,
1262 1764 1353 1824 obun-

208 1872 346 1943 dantium,
376 1885 406 1933 et
422 1873 625 1933 nobilitatem.“
666 1873 750 1932 qura
774 1880 837 1933 184.
879 1872 951 1932 “Te
972 1892 1035 1931 esse
1059 1871 1210 1931 hominem
1227 1871 1352 1943 divitem,

208 1982 397 2044 Footiosum.”
450 1986 521 2045 cist.
551 1994 618 2045 222.
667 1986 803 2063 “Neque
831 2004 885 2043 nos
903 1983 1039 2061 factione
1061 1995 1152 2054 tantu,
1176 1996 1288 2063 quantu
1308 1996 1351 2055 tu,

208 2099 337 2155 sumus.''
375 2097 435 2174 (of
454 2098 527 2157 such
550 2095 621 2176 high
632 2093 769 2176 family.)
820 2095 1351 2175 coeci1.cit.ap.A.Gell.11.es.

209 2206 316 2265 “Nam
334 2207 476 2285 opulento
498 2207 608 2266 somam
630 2206 717 2267 facile
739 2207 869 2267 occultat
877 2205 1003 2285 foetio.''
1043 2206 1210 2285 (Interest.)

231 2328 234 2344 ¹
259 2406 310 2419 -
370 2357 568 2455 Dapsiles.]
609 2371 676 2431 Vox
712 2371 821 2431 Graeoe
853 2370 986 2446 tutante,
1019 2370 1130 2449 largus.
1170 2373 1258 2431 Most
1284 2380 1352 2443 947.

209 2492 321 2550 “Alios
345 2489 472 2568 dapsiles
495 2500 633 2568 sumptus
654 2486 753 2550 faeit''
792 2491 832 2549 In
856 2489 962 2550 Pseud.
986 2498 1054 2561 390,
1077 2491 1244 2569 “Largitus
1265 2490 1353 2551 dietis

207 2602 329 2681 dapsilis
337 2604 365 2673 ;”
387 2600 508 2679 quidum
531 2622 588 2680 pro
608 2602 704 2661 ablat:
726 2604 764 2661 ub
785 2602 843 2661 alia
860 2601 956 2663 forma
975 2601 1117 2681 dapsiles,
1140 2613 1278 2663 sumunt:
1301 2603 1353 2663 sed

208 2716 327 2775 videtur
346 2714 447 2793 potius
466 2736 530 2774 esse
548 2715 758 2784 nominativus,
778 2715 989 2776 adverbialiter
1009 2716 1180 2778 sumendus.

265 2888 329 2953 125.
376 2867 570 2962 Eburate]
619 2878 734 2941 Inloid
750 2878 830 2940 wttt
846 2878 947 2959 inory.
988 2883 1085 2954 Ebur,
1105 2885 1214 2954 eburis,
1235 2887 1351 2965 antiqu:

207 3024 263 3083 pro
275 3004 381 3063 eboris.
419 3004 569 3062 Caeterum
582 3013 628 3061 est
644 3001 791 3071 eburotus,
810 3002 900 3061 ebore
912 3000 1063 3071 inductus,
1081 3009 1257 3071 maurotus,
1277 3024 1352 3061 reru·

207 3120 263 3183 tus,
284 3113 409 3181 albatus,
429 3111 612 3181 candidatus,
633 3116 826 3189 purpuratus,
847 3111 901 3168 &o
923 3115 1060 3179 cretulus,
1076 3108 1148 3167 Juv.
1169 3108 1232 3168 Sat.
1245 3110 1282 3167 X.
1305 3109 1351 3171 66.

208 3225 335 3284 Mostell.
350 3232 416 3284 282.
458 3224 661 3302 “Purpuroto
675 3220 810 3280 mulier.”
850 3219 942 3280 Stich.
957 3226 1022 3280 354.
1063 3220 1195 3279 “Lectos
1211 3219 1352 3292 eburotos,

205 3343 349 3401 auratos.”

258 3536 311 3549 -
369 3490 520 3584 Pallan]
562 3501 643 3559 Men.
664 3507 712 3558 54.
749 3494 867 3555 ”Pullo
887 3506 933 3554 est
951 3495 1083 3556 honestoe
1106 3496 1239 3587 mulieris
1262 3497 1352 3556 vesti·

205 3636 347 3685 mentum.
388 3622 470 3681 Non.
486 3621 606 3680 Μωρέ(
643 3618 740 3677 Gloss.
759 3615 833 3674 cod.
848 3616 890 3673 H.
904 3616 932 3676 6.
971 3616 1021 3676 sie
1036 3616 1116 3676 dictu
1132 3617 1238 3696 ”quod
1252 3618 1351 3697 polum

204 3747 235 3795 et
254 3736 327 3794 foris
346 3734 548 3813 gerebatur;“
569 3730 654 3789 Vnrr.
677 3727 766 3805 Ling.
786 3726 853 3787 Lat.
870 3723 927 3786 1v.
950 3735 997 3787 30.
1016 3726 1100 3808 Virg.
1123 3728 1191 3791 AEn.
1208 3728 1265 3789 XI.
1284 3728 1351 3796 576.

149 3892 152 3897 .
206 3844 429 3922 (DeCamilluu)
470 3842 560 3900 “Pro
571 3841 670 3918 longae
683 3838 816 3917 tegmine
825 3837 925 3918 podo,
940 3837 1073 3917 Tigridis
1086 3839 1202 3898 exuviae
1214 3858 1269 3918 per
1281 3838 1351 3899 dor·

204 3978 271 4017 sum
290 3978 308 4015 a
325 3957 437 4017 vertioe
455 3953 613 4033 pendent''
655 3950 731 4009 Hor.
749 3948 813 4008 sat.
826 3948 853 4007 1.
871 3966 908 4006 11.
921 3957 970 4019 99.
1010 3947 1092 4007 “Ad
1111 3950 1185 4007 talos
1206 3950 1279 4008 stola
1299 3949 1351 4009 de-

204 4070 302 4139 missa,
322 4078 353 4128 et
372 4065 554 4127 circumdata
571 4062 679 4143 pollo.''

262 4234 331 4297 126.
374 4225 444 4299 Nil
465 4217 610 4313 morou]
657 4223 785 4290 raons
798 4223 951 4307 carofor.
990 4224 1183 4289 '’romula“
1204 4230 1246 4290 ut
1264 4231 1347 4291 rus:

205 4360 278 4419 Leo.
299 4358 347 4435 Pl.
378 4360 466 4435 ”qun
489 4355 624 4423 utimur,
638 4318 708 4413 cuin
730 4347 913 4429 quidqunsi
930 4366 1078 4426 vrespuere
1101 4359 1132 4409 et
1151 4360 1347 4429 contemnere,
