3250 5217
576 665 785 719 ascensus
811 666 1012 721 comeum.
1191 685 1195 693 ·
1318 649 1393 723 xvii

330 835 398 894 Viri
411 836 533 896 litterati
554 837 579 896 si
598 838 687 896 mella
706 837 832 896 aliorum
850 838 1001 898 laboribus
1021 847 1161 917 congesta
1178 837 1211 897 in
1230 841 1391 902 alvearium

330 952 430 991 meum
460 933 662 1003 condiderim3
690 933 820 1011 satisque
848 933 1011 992 etiamdum
1040 933 1164 1007 sudoris,
1193 934 1226 993 in
1257 936 1392 1016 priorum

331 1028 489 1087 Editorum
508 1028 592 1087 libris
613 1027 793 1095 evolvendis,
821 1023 945 1087 utilibus
965 1029 1003 1088 ab
1021 1024 1191 1089 infelicibus
1212 1033 1391 1109 separandis,

221 1188 223 1191 ,
330 1123 480 1181 erroribus
511 1122 689 1200 retegendis‚
724 1120 879 1191 evitandis,
916 1141 964 1180 me
999 1142 1063 1180 esse
1099 1122 1193 1182 sciant
1229 1135 1392 1203 expertum.

332 1216 460 1288 “Quam
481 1217 581 1295 gravis
607 1218 663 1276 iste
683 1214 793 1287 labor,''
816 1236 914 1286 nemo,
938 1216 995 1275 nisi
1017 1216 1070 1295 qui
1089 1219 1261 1296 susceperit,
1284 1220 1393 1280 intelli-

330 1303 402 1389 gere
421 1322 532 1390 potest3
554 1330 610 1370 nec
628 1322 728 1369 tamen
752 1309 881 1387 suscepti
898 1309 1065 1388 poenitebit,
1090 1309 1114 1370 si
1136 1309 1236 1370 labore
1258 1321 1321 1382 tuo,
1344 1324 1393 1373 ut·

331 1424 450 1482 cunque
472 1405 557 1483 gravi
583 1405 743 1482 nimioque,
769 1404 894 1462 aliorum
920 1403 1035 1463 labores
1061 1403 1094 1461 in
1119 1415 1271 1483 posterum
1295 1408 1394 1467 immi-

331 1500 430 1558 nuisse
456 1500 511 1558 tibi
538 1498 704 1575 contigerit.
752 1498 821 1556 Hoc
846 1496 934 1555 unice
959 1496 1116 1574 proemium
1141 1506 1187 1556 cst
1211 1497 1244 1556 in
1269 1499 1394 1558 aliorum

331 1593 490 1654 utilitatem
517 1595 726 1655 scribentium:
754 1594 811 1653 hoc
839 1593 864 1651 si
889 1593 964 1651 mihi
990 1612 1110 1670 quoque
1136 1594 1312 1655 concesserit
1336 1596 1394 1655 Ju-

332 1699 438 1749 ventus
460 1691 578 1760 Nostra,
599 1711 727 1769 quorum
745 1689 886 1767 equidem
906 1688 1061 1749 commodo
1079 1688 1231 1766 praecipuc
1248 1690 1393 1761 consului,

333 1781 429 1857 (haud
451 1781 605 1842 immemor
626 1802 758 1842 mearum
781 1783 813 1839 in
838 1782 885 1840 his
906 1780 1012 1840 litteris
1032 1780 1197 1841 ediscendis
1216 1792 1247 1841 et
1264 1802 1345 1843 nunc
1364 1794 1396 1843 et

321 1878 403 1937 olim
423 1877 650 1955 difficultatum)
676 1878 803 1938 abunde·
814 1878 931 1937 fructus
949 1886 1114 1954 reportasse
1133 1877 1209 1936 mihi
1229 1876 1311 1937 visus
1326 1898 1394 1949 ero,

332 1973 444 2033 honore
463 1973 644 2051 amplissimo
661 1984 694 2033 et
712 1972 800 2032 laude
820 1972 996 2038 cumulatus.
