3250 5217
276 571 343 656 172
683 573 996 641 GLOSSARIUM

327 792 394 845 511.
441 771 633 865 Addidit]
674 782 833 864 lmpoeeu
881 787 974 846 Haud
994 805 1062 846 rere
1082 786 1139 846 hee
1156 805 1229 846 veee
1244 786 1287 845 itu
1304 793 1418 844 veteres

273 903 320 963 nei
335 913 414 964 eunt.
437 957 439 962 .
453 903 577 963 Confert
590 903 700 964 Inue:
722 903 798 962 Her.
814 903 874 963 Od.
888 904 950 963 111.
963 924 1009 964 rt.
1020 913 1068 971 78.
1109 904 1289 982 “Nequitiae
1301 901 1419 962 additus

272 1018 392 1075 cutte&
432 1015 517 1094 Virg.
536 1015 603 1074 AEm
628 1015 686 1074 vt,
701 1022 751 1086 90.
790 1016 889 1076 “Nee
909 1015 1037 1077 Teucri·
1055 1015 1157 1074 addite
1179 1016 1264 1076 June
1283 1014 1418 1091 Uequem

163 1103 166 1108 ’
271 1128 392 1188 „berte”
434 1129 520 1188 Nost.
544 1127 631 1206 cepe
671 1127 761 1187 “cui
785 1149 836 1188 me
860 1131 1000 1191 mm
1028 1127 1182 1188 auum
1207 1128 1299 1187 ιω
1323 1124 1419 1204 major

271 1243 381 1302 ιιιθιιε.η
421 1240 486 1300 Mil.
505 1240 554 1300 Gl.
576 1238 642 1300 146.
682 1239 810 1313 “Quem
832 1241 1006 1301 concubine
1020 1242 1106 1302 miles
1124 1240 1266 1300 custodem
1281 1237 1420 1298 addidit?

271 1351 309 1412 In
321 1351 429 1412 melem
442 1372 563 1432 quoque
577 1361 693 1431 partem
709 1351 766 1421 hie,
786 1361 818 1411 et
830 1351 986 1423 sinimus,
1006 1351 1151 1432 exemplis
1164 1349 1309 1421 eumitren
1329 1349 1418 1426 Virg.

269 1465 381 1543 θεοῖς.
395 1463 421 1524 1.
437 1471 501 1535 129.
530 1461 651 1524 “Virus
671 1463 859 1542 serpentrirue
872 1463 986 1523 addidit
1001 1463 1102 1524 etrie”
1131 1463 1171 1524 Et
1185 1463 1210 1522 Ι.
1224 1470 1289 1523 150.
1315 1461 1417 1519 “Mox

271 1597 301 1647 et
318 1587 476 1647 frumentis
496 1587 580 1646 lebor
603 1585 747 1645 additue.”
788 1585 853 1644 Mil.
872 1592 939 1645 300.
980 1585 1056 1644 “Tu
1076 1593 1171 1645 eurtoe
1186 1581 1303 1643 additur
1320 1582 1349 1642 ei
1364 1601 1416 1660 pe·

270 1697 381 1758 rierie.”
401 1698 467 1758 Ete.
507 1696 600 1757 Plure
619 1698 734 1758 confert
754 1697 839 1758 Pen:
860 1697 892 1756 in
912 1698 984 1758 Lex.
1006 1696 1104 1758 Pleut

326 1859 393 1912 513.
440 1838 692 1934 interbibere]
724 1847 861 1918 Draitte
882 1848 985 1911 drink
999 1867 1056 1931 etp.
1103 1855 1126 1913 1.
1140 1875 1165 1914 e.
1190 1854 1292 1914 Totum
1305 1851 1415 1912 bibere:

271 1984 306 2032 ut
324 1973 510 2052 intercipere,
534 1982 631 2030 totum
652 1990 766 2050 cepere.
806 1971 932 2031 Dorum

332 2153 382 2169 -
439 2106 612 2202 scateat]
660 2120 738 2180 Vide
765 2122 848 2180 Nou,
875 2121 962 2181 crite
982 2123 1097 2182 Lmb=
1123 2134 1221 2186 mutu
1242 2126 1274 2183 in
1299 2132 1416 2190 mut,-

270 2241 424 2302 Tenere:
451 2242 483 2300 in
505 2241 597 2302 scatit
638 2240 839 2301 Indicetivum
859 2249 949 2301 enatet
970 2241 1107 2303 defendit
1127 2244 1276 2304 Gulielm:
1309 2245 1417 2311 Queat.

271 2355 369 2414 Pleut.
387 2355 435 2414 his
452 2355 562 2424 verbis,
579 2356 596 2377 ”
606 2354 675 2412 Non
688 2373 764 2432 opus
777 2365 823 2413 est
835 2364 969 2425 mutere3
984 2354 1132 2433 siquidem
1144 2355 1297 2414 mdieendi
1309 2355 1416 2414 modus

267 2489 324 2546 pro
350 2468 456 2548 quovis
482 2467 540 2525 aiio
563 2487 641 2546 eaepe
661 2467 813 2544 ponitur.“
852 2467 1006 2526 Nimirum
1029 2468 1076 2528 his
1096 2468 1169 2529 loeis
1189 2468 1215 2528 ri
1237 2470 1324 2539 velet,
1342 2489 1417 2550 pene

269 2589 309 2650 et,
323 2587 407 2660 putu,
424 2580 594 2658 (suppone)
607 2588 660 2637 aut
671 2577 721 2637 tel.
735 2577 772 2637 eL
812 2577 874 2637 Sed
889 2587 1021 2657 prestet,
1039 2579 1138 2650 credo,
1158 2580 1216 2640 hoe
1228 2579 1295 2640 loeo
1306 2588 1416 2640 scateat

268 2692 376 2770 legere.

321 2837 390 2896 517.
438 2821 562 2920 Magis
593 2821 792 2916 emonam]
833 2834 1124 2894 ”nmmum“
1163 2836 1316 2895 comus.
1353 2836 1416 2896 see

266 2954 408 3013 onmem
421 2961 572 3032 reponunt
586 2952 647 3022 elii,
666 2963 697 3012 et
709 2953 788 3013 inter
800 2953 857 3012 hee
870 2955 980 3014 Noeter
994 2953 1099 3013 Here.
1138 2954 1219 3014 Vide
1232 2955 1316 3014 Nett-
1329 2954 1414 3014 erite

268 3064 370 3124 Hebet
396 3064 519 3144 quidem
545 3064 652 3124 Fertur
677 3063 745 3123 Lib.
769 3065 829 3124 111.
868 3064 1048 3124 ”Curionem
1074 3085 1182 3144 agnum
1208 3065 1335 3125 Pleutue
1358 3086 1416 3145 pro

265 3199 366 3240 mucro
391 3180 478 3252 dixit,
505 3180 589 3260 qnasi
615 3181 917 3240 emmerammum
956 3180 994 3239 In
1020 3200 1111 3260 quem
1136 3200 1209 3239 vero
1233 3177 1316 3238 haud
1338 3179 1415 3238 mule

265 3304 348 3354 notet
369 3294 456 3352 Dee:
477 3294 603 3354 ”Locus
625 3294 722 3354 Pleuti
740 3305 794 3364 est,
815 3302 834 3330 “
842 3294 913 3368 Quo
931 3293 1054 3374 quidem
1070 3314 1149 3372 agno
1164 3293 1294 3363 eutecio,
1316 3292 1415 3370 Magis

266 3405 406 3464 curiosam
426 3424 575 3485 nusquam
596 3427 659 3466 esee
683 3406 773 3465 ullam
795 3407 930 3466 bestium.
970 3405 1050 3465 Volo
1069 3426 1106 3465 ex
1126 3415 1157 3464 te
1180 3404 1255 3465 seire
1278 3404 1353 3484 quid
1375 3404 1415 3463 eit

265 3538 361 3596 agnus
374 3516 473 3582 curio5
491 3520 564 3578 etc.”
605 3517 667 3578 Ubi
680 3527 711 3578 et
722 3517 865 3577 curiorum
882 3528 914 3578 et
930 3518 1069 3578 curionem
1082 3526 1177 3576 vocet
1217 3517 1282 3576 Nee
1294 3535 1414 3576 neeesse

265 3640 311 3688 est
328 3638 363 3689 ut
376 3628 476 3708 Supte
489 3649 547 3708 pro
562 3627 704 3688 curiorum
720 3628 803 3707 legas
817 3625 969 3699 eurienm,
991 3648 1061 3687 nem
1077 3636 1239 3704 utrumque
1254 3635 1335 3684 recte
1354 3622 1414 3685 diei

264 3749 370 3820 potest
413 3719 454 3798 Et
468 3739 589 3818 Apulei.
630 3740 753 3818 Agnum
767 3739 923 3818 pinguem,
940 3738 1113 3798 incuriosum
1127 3745 1244 3797 vocat“
1263 3737 1283 3794 i.
1296 3757 1322 3796 e.
1343 3735 1414 3815 quie

264 3874 325 3914 non
337 3874 408 3914 eura
421 3873 519 3913 maner
532 3863 604 3913 eret.
643 3851 759 3911 Iterum
771 3863 872 3912 autem
884 3851 917 3911 in
930 3872 1003 3912 voce
1015 3851 1094 3910 ludit
1106 3850 1139 3909 N
1139 3859 1193 3909 oet.
1204 3848 1312 3909 Pseud
1329 3856 1412 3909 1138.

265 3975 285 4001 “
295 3966 385 4036 Ceve,
406 3965 455 4035 eis,
475 3964 532 4024 tibi
547 3963 658 4024 acurio
671 3963 862 4024 infortunio?
882 3965 901 4022 i.
914 3986 940 4024 e.
960 3983 1096 4024 curarum
1105 3963 1216 4048 plenos

320 4113 388 4170 518.
436 4092 575 4186 Curia]
619 4107 696 4166 Vide
714 4109 745 4166 in
758 4127 821 4170 roc.
837 4108 964 4186 proeeed.
1006 4108 1098 4168 Nouii
1111 4119 1210 4169 autem
1224 4109 1318 4167 verbe
1332 4115 1412 4175 eunt,

265 4230 337 4307 Cep.
359 4229 400 4287 ΙΙ.
421 4237 484 4288 130.
525 4226 652 4301 ”(Ῑανὶο,
678 4229 820 4290 curiosus.
863 4231 960 4290 Pleut.
982 4229 1086 4290 Aulul.
1128 4229 1236 4289 “Volo
1259 4229 1334 4288 eeire
1354 4246 1413 4304 ego

264 4361 301 4400 ex
320 4349 359 4408 te,
381 4340 434 4418 qui
455 4341 493 4400 sit
512 4362 608 4420 agnus
628 4342 758 4402 curio.''“
1407 4358 1411 4364 ·
