3250 5217
642 582 947 649 socorsum.
1338 587 1384 671 97

295 777 422 874 Atque
452 778 511 852 hic
527 879 530 884 y
544 780 687 876 quidem
721 782 850 856 Euclio
880 796 945 869 est,
978 796 1019 860 ut
1050 784 1381 885 opinor.·--Oppido

443 932 509 1003 ego
535 908 676 982 interii!
703 908 819 1005 palam
844 936 898 984 res
924 922 998 985 est:
1324 921 1380 982 685

295 1027 371 1102 Scit
387 1033 562 1126 peperisse
574 1036 661 1127 Jam
686 1047 726 1105 ut
746 1060 810 1131 ego
828 1038 961 1132 opinor,
979 1035 1089 1109 liliam
1108 1062 1219 1111 suam.
1272 1036 1382 1112 Nunc

443 1158 493 1228 mi
511 1158 686 1232 incertum
705 1170 788 1243 est‚'

294 1281 391 1367 Quid
421 1308 536 1378 agam,
570 1286 692 1358 abeam
719 1311 764 1357 an
790 1309 966 1371 maneam,
998 1287 1120 1362 adeam
1154 1312 1198 1363 an
1231 1286 1379 1387 fugiam.

443 1404 546 1491 Quid
569 1432 670 1505 agam
697 1408 822 1505 edepol
847 1411 975 1493 neseio.

195 1524 271 1599 En.
294 1527 388 1614 Quis
405 1527 510 1603 homo
529 1530 588 1605 hie
602 1532 788 1629 loquitur?

494 1655 571 1729 ΙΝ.
591 1656 673 1755 Ego
688 1683 778 1743 sum,
796 1660 911 1733 miser.

638 1781 715 1854 Eu,
734 1784 813 1855 Imo
830 1809 894 1880 ego
909 1810 999 1869 sum,
1015 1796 1053 1858 et
1068 1786 1193 1858 misere
1208 1784 1379 1884 perditur,

292 1904 360 1977 Cui
378 1917 480 1980 tanta
496 1908 590 1981 mala
605 1909 879 2009 moestitudoque
896 1912 1037 2007 obtigit.

971 2035 1048 2107 Lv.
1068 2035 1207 2109 Animo
1223 2037 1314 2109 bono
1331 2062 1379 2109 es.

238 2218 257 2244 v.
270 2207 310 2245 tut
335 2210 405 2256 Αίφω,
418 2208 465 2249 rra
473 2209 549 2248 Vindd
561 2215 583 2249 et
594 2220 665 2249 omues
675 2210 743 2251 Nom.
755 2214 829 2260 preter
839 2212 866 2250 Η.
876 2214 892 2257 1,
909 2212 946 2251 ubi
956 2216 986 2251 eat
996 2215 1029 2259 At,
1041 2210 1097 2261 quod
1110 2212 1145 2250 dat
1156 2211 1291 2251 Boo-Palam
1300 2222 1333 2251 res
1344 2215 1379 2257 eet,

193 2280 265 2309 omnes
279 2275 352 2319 preter
365 2271 388 2309 B.
397 2272 417 2317 b,
434 2273 470 2321 qui
482 2272 544 2312 habet
556 2284 579 2321 p.
593 2276 623 2313 at
635 2284 674 2320 rea,
690 2277 712 2313 et
722 2275 752 2313 sic
764 2274 906 2323 Boeotiam
917 2276 993 2325 rapide,
1007 2279 1032 2315 ut
1043 2275 1100 2321 solet,
1114 2274 1259 2325 pronuntianu
1276 2278 1297 2313 et
1308 2275 1378 2323 p'lam,

192 2332 273 2372 mbhta
284 2333 350 2383 priore
363 2335 434 2381 vocali,
449 2335 616 2385 legend—dm
629 2338 698 2383 suasa
712 2337 822 2385 monosyll.
835 2341 860 2376 ut
870 2336 896 2377 sit
907 2348 974 2378 vernas
984 2339 1013 2377 ld,
1025 2349 1073 2377 cum
1083 2336 1165 2386 reliquis
1175 2337 1247 2376 Troeh.
1261 2337 1313 2375 Τοῦ.
1326 2342 1378 2375 acet.

192 2397 279 2441 -ωῑ
292 2397 407 2436 Itaomnas
420 2398 584 2437 uuooreCodd
600 2398 722 2447 (ntiquom
735 2404 808 2449 prater
822 2400 875 2447 Ito,
889 2410 960 2439 ornnes
972 2400 1159 2443 dmtanodoame
1176 2399 1259 2445 etEt,
1272 2401 1378 2445 andam.

193 2458 308 2503 mendosos)
324 2462 345 2497 et
360 2462 414 2497 certe
426 2469 469 2498 non
485 2464 560 2499 temere
575 2464 605 2499 eat
620 2472 688 2499 vasus
699 2461 795 2509 optimus,
809 2464 831 2499 et
843 2463 886 2499 tarn
900 2462 1004 2511 perspicue
1018 2460 1131 2507 Plautinus,
1145 2462 1173 2501 ob
1184 2465 1297 2500 metrorum
1311 2460 1381 2499 nescio

192 2533 243 2571 quaa
257 2523 348 2572 ineptias,
364 2523 496 2562 mutilandus
521 2524 605 2563 confert
619 2524 688 2562 naar
702 2525 760 2563 cure.
774 2524 812 2564 IV.
827 2534 857 2563 rr.
870 2526 905 2571 a&
921 2524 972 2573 [590.
986 2524 1021 2575 B.]
1036 2524 1081 2563 vult
1096 2528 1165 2563 tamen
1180 2524 1242 2564 deleri
1256 2523 1311 2573 prius
1322 2524 1379 2571 ¹Quid

191 2593 258 2633 wana
271 2584 328 2632 quari
338 2596 364 2623 ex
375 2585 446 2631 altero,
457 2584 514 2634 quod
524 2589 555 2625 est
563 2585 587 2623 in
594 2586 703 2635 posteriore
714 2586 766 2632 colo,
779 2586 833 2625 male
840 2590 924 2632 natum
935 2588 970 2626 sed
981 2586 1067 2625 minime
1078 2587 1258 2626 carendae—688.
1272 2586 1312 2625 llic
1319 2596 1380 2625 nor·

192 2658 258 2688 nene
272 2648 354 2689 initium
366 2649 390 2687 ln
406 2648 468 2688 lisa.
476 2654 497 2689 et
512 2650 562 2689 Edd.
577 2650 701 2699 vett—Epo
713 2661 760 2690 saar
771 2652 839 2697 miser,
857 2652 897 2691 Bo:
913 2652 994 2701 aliique,
1011 2663 1037 2691 ex
1051 2650 1098 2690 ald,
1113 2652 1149 2691 ubi
1162 2655 1192 2690 eat
1204 2652 1267 2691 muer
1277 2652 1300 2690 in
1315 2652 1380 2691 altero

191 2721 273 2760 quoque
287 2713 393 2752 sententie
407 2700 500 2753 membro
514 2714 630 2762 repetitum.
657 2712 710 2753 Mas.
726 2719 796 2753 autern
809 2725 880 2754 omnes
895 2725 946 2764 quos
958 2715 1006 2762 vidi,
1020 2720 1041 2755 et
1056 2714 1123 2754 Nosti.
1138 2719 1160 2754 et
1173 2714 1258 2761 vindo,
1272 2715 1322 2756 dant
1335 2717 1379 2766 Epo

191 2784 243 2813 suaa
268 2774 305 2812 Eu.
319 2776 364 2814 Iaso
376 2775 496 2822 (selimero)
509 2786 569 2824 opor..
582 2776 697 2815 rra—w.
712 2777 764 2817 tui:
780 2776 841 2814 unice
857 2775 880 2815 Β,
891 2778 907 2822 1,
921 2777 986 2825 quot.-
1003 2776 1055 2821 its,
1071 2776 1208 2825 qut—Tanta
1219 2776 1281 2821 mulo,
1296 2786 1380 2821 omnen

190 2841 212 2875 et
224 2836 274 2876 Edd.
286 2837 333 2876 Alo.
345 2837 416 2877 Lamia
430 2839 514 2888 aliaque
526 2838 729 2885 Vett-Moeata'tudo,
742 2843 818 2885 amem,
831 2839 906 2879 omisso
915 2848 959 2887 ussa,
972 2838 1102 2880 habentAld.
1115 2842 1136 2877 et
1149 2838 1215 2879 Psrm.
1227 2843 1249 2878 et
1261 2838 1290 2878 dc
1302 2839 1379 2879 Butlerl

192 2901 261 2940 codex
276 2901 298 2940 a
308 2903 328 2941 h.
344 2902 380 2940 aed
392 2903 479 2941 attenua
493 2902 572 2948 mellus,
589 2902 622 2941 vel
636 2903 664 2941 ob
678 2902 700 2940 id
712 2903 789 2952 Judioo,
805 2903 861 2951 quod
873 2902 993 2943 insolentior
1005 2906 1047 2948 estz
1062 2903 1138 2953 otim
1151 2902 1216 2951 lquod
1228 2903 1328 2953 producta
1340 2903 1377 2947 ult,

190 2966 236 3016 sylt
249 2965 404 3015 pronunttnnu)
416 2977 488 3008 vocam
499 2966 538 3006 dni
548 2967 665 3016 proximor
675 2966 774 3006 nuntrum
786 2967 872 3016 respicit

165 3138 172 3203 p
230 3104 296 3166 685.
337 3105 441 3165 Palam
474 3126 521 3163 res
554 3107 624 3184 eat]
665 3106 759 3164 ‘All’s
808 3106 855 3163 nis
876 3105 1147 3182 interrogationem,
1171 3106 1257 3165 miser
1278 3118 1376 3168 autem

166 3197 382 3277 tdiscovered'
422 3197 597 3275 Suspicatur
617 3197 760 3255 nimirum
809 3201 848 3259 sit
865 3200 959 3278 ipsius
978 3200 1140 3278 Lyconidis
1161 3222 1227 3263 suas
1241 3202 1376 3260 fortunas

193 3292 360 3370 Lyconides
376 3292 553 3352 Euclionem
565 3302 689 3369 propter
702 3291 757 3348 fili·
808 3294 935 3353 dolentis
948 3294 1122 3353 exclamatio
1129 3318 1139 3367 ,·
1160 3296 1264 3355 eadem
1277 3308 1375 3355 autern

191 3407 239 3446 am
253 3388 385 3450 vitiatam
397 3386 562 3455 lamentari,
580 3405 649 3453 non,
663 3396 758 3444 utres
809 3390 909 3457 verba,
923 3387 1069 3465 punctulo
1086 3389 1230 3468 subjecto,
1242 3390 1280 3449 ad
1289 3410 1320 3449 se
1331 3390 1376 3468 ip·

191 3496 262 3556 erat,
284 3496 406 3564 propter
427 3484 493 3542 011ae
515 3503 575 3541 suoe
592 3483 740 3561 jacturam
746 3503 756 3552 ,·
807 3504 874 3541 sum
895 3484 987 3543 refert
1007 3484 1122 3555 Euclio,
1134 3496 1247 3564 'utpote
1268 3486 1320 3563 qui
1340 3486 1378 3545 sit

191 3581 271 3639 unde
292 3601 346 3659 per
370 3591 462 3639 totam
487 3580 564 3641 hanc
585 3599 703 3638 scenam
725 3578 756 3637 in
806 3578 981 3637 miserorum
1007 3579 1200 3650 miserrimus,
1230 3600 1285 3639 nec
1314 3582 1377 3658 pati

190 3672 384 3751 ambiguitate
415 3678 575 3734 verborum
611 3674 693 3733 ollam
726 3684 757 3731 et
806 3685 897 3752 queat
909 3685 944 3733 ut
957 3675 1030 3735 alter
1044 3676 1111 3754 quis
1129 3697 1160 3736 se
1173 3688 1319 3756 prasente
1340 3672 1378 3736 de

186 3768 322 3849 puellam,
346 3790 415 3830 cum
439 3781 600 3848 utrumque
620 3767 756 3829 feminini
806 3770 933 3828 miseriis
946 3770 1007 3829 auis
1021 3782 1228 3849 conqueratur.

190 3862 309 3941 generis
328 3863 376 3933 ait,
396 3864 520 3922 luditur.

847 3920 912 3993 689..
953 3922 1056 3983 Animo
1074 3925 1144 3983 borao
1161 3926 1219 4004 ea]
1261 3928 1376 3987 ‘Cheer
1394 3948 1406 4034 ι

809 4020 870 4094 up.’
910 4014 954 4075 Es
970 4017 1180 4095 imperativum
1200 4031 1253 4078 est
1294 4020 1377 4085 Infra

809 4119 876 4180 744.
917 4112 985 4171 Ter.
1000 4112 1128 4192 Adelph.
1143 4113 1199 4172 IV.
1215 4134 1243 4176 v.
1258 4115 1304 4177 62.

192 4270 226 4317 ut
245 4260 284 4317 sit
302 4259 367 4338 Ego
386 4279 447 4317 mm
468 4258 590 4337 (nempe
610 4258 690 4317 homo
709 4256 759 4336 qm·
809 4227 825 4250 ‘¹
839 4224 990 4275 Bonoanimo
998 4240 1032 4279 es,
1040 4225 1223 4275 ducesuxorem.

955 4301 998 4351 AE.
1014 4301 1086 4349 Hem.

191 4353 238 4412 lie
253 4353 392 4435 loquitur)
409 4353 562 4435 responsio
578 4352 617 4413 ad
634 4353 757 4414 lluclio-
1009 4374 1377 4439 Mfflonoanimoasunquamx·

293 4470 328 4522 13

229 3973 295 4035 688.
336 3974 401 4054 Ego
421 3995 493 4042 aum,
513 3974 627 4051 miser]
667 3982 677 4009 ‘
689 3974 717 4032 lt
732 3973 758 4031 is

192 4068 218 4137 l,
236 4067 348 4127 wretch
366 4067 432 4127 that
449 4068 544 4127 Iam!
585 4068 661 4125 Haec
679 4086 759 4125 com·

191 4173 269 4221 mate
282 4173 351 4241 post
360 4183 422 4222 sum
436 4163 612 4240 interposito
621 4162 758 4238 legenda,
