3250 5217
443 643 449 649 ,
577 591 628 653 ΙΝ
655 591 995 656 AULULARIAM.
1288 598 1353 661 143

212 763 333 843 picces.)
365 764 520 844 Propriam
532 779 633 827 autem
646 768 890 846 significationem
905 768 956 828 det
970 769 1075 829 Isidor.
1102 770 1188 849 Orig.
1203 772 1271 833 Lib.
1285 774 1354 832 XX.

214 914 238 952 c.
253 904 280 953 2.
321 899 337 919 ”
348 896 529 956 Palmentum
549 908 672 959 vocatur
693 921 711 957 a
727 900 821 977 pulte,
842 900 904 958 sive
917 899 997 958 enim
1010 900 1071 958 sola
1083 900 1185 978 pultis,
1206 902 1268 962 sive
1282 904 1356 980 quid

214 1008 296 1067 aliud
330 1010 394 1088 ejus
432 1012 630 1089 permixtione
669 1023 812 1082 sumatur,
851 1012 1024 1091 pulmentum
1059 1014 1179 1092 proprie
1213 1014 1356 1075 dicitur.“

214 1117 319 1177 Paullo
341 1121 426 1180 aliter
446 1122 522 1181 Con.
541 1124 600 1181 Ms.
639 1122 846 1197 ’'Pulmentum
864 1133 985 1181 vocatur
1006 1123 1150 1201 quicquid
1168 1126 1355 1185 comedatur:

212 1230 245 1288 in
267 1233 434 1311 paropside,
457 1234 540 1312 quod
558 1234 706 1294 ferculum
727 1234 852 1293 dicitur:
875 1244 911 1292 ut
930 1235 1103 1312 pulmentum
1120 1236 1265 1307 fabarum,
1287 1258 1355 1297 cau-

213 1346 297 1416 lium,
316 1358 350 1406 et
366 1348 462 1407 simill.
510 1349 572 1408 Hic
594 1360 692 1427 potest
712 1348 840 1426 intelligi
864 1348 902 1406 de
928 1348 1079 1426 aliquibus
1103 1350 1258 1421 intestinis,
1288 1374 1355 1431 quae

216 1468 286 1516 sunt
305 1469 390 1536 grata
412 1459 544 1517 miluis.“

276 1693 327 1705 --
382 1647 558 1742 pridem]
605 1660 704 1739 Supra
726 1660 792 1728 267.

275 1874 325 1886 —
382 1828 552 1923 Mili'l08.]
604 1841 634 1902 Α
659 1842 738 1904 kile.
788 1848 911 1919 Milvus,
927 1848 975 1908 vel
994 1850 1117 1915 miluum
1142 1848 1180 1907 de
1195 1847 1356 1926 posteriore

214 1984 233 2019 u
256 1964 288 2021 in
309 1984 327 2021 o
350 1975 537 2034 commutata,
559 1966 636 2026 Vide
662 1967 745 2027 Meu.
773 1967 852 2027 Prol.
872 1969 920 2029 36.
938 1968 975 2026 G.
999 1969 1084 2048 cujus
1106 1988 1224 2028 causam
1243 1968 1357 2047 profert

215 2074 335 2145 Quinct.
374 2074 448 2133 Inst.
461 2075 487 2132 Ι.
511 2096 577 2146 v11;
606 2077 726 2147 scilicet,
756 2098 796 2137 ne
818 2079 981 2157 “subjecta
1007 2079 1063 2138 sibi
1086 2078 1196 2138 vocalis
1217 2079 1250 2137 in
1270 2100 1357 2137 unum

215 2206 312 2243 sonum
336 2187 497 2247 coalescere
518 2199 548 2246 et
571 2188 716 2247 confundi
735 2193 862 2267 posset''

267 2390 333 2447 872.
382 2375 602 2467 Praetorem.]
643 2386 727 2446 Infra
751 2387 817 2454 716.
857 2386 937 2446 Vide
957 2386 1042 2445 Nott.

274 2622 325 2633 -
377 2568 658 2672 plorabundus]
706 2589 730 2646 Ι.
745 2610 770 2648 e.
789 2588 921 2668 plorans.
960 2587 1038 2647 Vide
1058 2587 1139 2645 Nott.
1156 2587 1242 2647 Critt.
1264 2588 1357 2649 Caete-

215 2723 283 2761 rum
303 2703 374 2762 citat
393 2703 465 2764 cod.
479 2704 521 2762 H.
537 2704 565 2764 6.
585 2705 618 2762 in
636 2726 730 2783 marg.
765 2705 846 2764 Non.
868 2705 960 2785 [Cap.
975 2724 1005 2763 x.
1025 2707 1091 2785 87.]
1130 2704 1356 2785 ''Deplorabuu·

216 2815 280 2885 dus,
308 2835 363 2893 pro
392 2816 553 2895 deplorans.
593 2817 691 2878 Pluut.
723 2820 826 2878 Aulul.
869 2820 998 2878 “Homo
1026 2819 1065 2877 ad
1093 2830 1251 2897 praetorem
1282 2819 1357 2879 veuit

216 2923 500 3002 deplorabuudus.”“

270 3079 337 3181 273.
388 3105 550 3194 Plorans,
576 3108 738 3205 ejulans]
793 3121 890 3178 Gloss.
913 3118 996 3177 cod.
1010 3117 1052 3175 H.
1073 3128 1100 3177 2.
1139 3120 1156 3141 ’'
1168 3118 1204 3176 In
1229 3119 1359 3179 lacrimis

214 3236 351 3317 plorore;
373 3238 406 3297 in
428 3240 552 3299 vocibus
573 3241 714 3320 ey'uloref‘
754 3240 838 3297 Infra
851 3239 917 3299 684.
937 3244 1001 3305 753.

270 3448 356 3506 274··
390 3430 590 3522 Vadarier.]
643 3444 679 3502 In
697 3446 748 3523 jus
771 3446 871 3515 citare,
895 3445 944 3504 die
964 3444 1052 3504 dicto.
1093 3445 1195 3502 Lens.
1216 3444 1269 3522 qui
1285 3442 1358 3502 citat

217 3553 385 3647 Hon'Sut3·
401 3564 424 3621 1.
446 3584 467 3623 1.
491 3553 539 3625 11.
576 3564 670 3634 “Ille,
692 3565 770 3623 datis
789 3564 920 3634 uadibus,
935 3564 987 3642 qui
1002 3584 1070 3621 rure
1085 3574 1234 3623 extractus
1255 3564 1287 3621 iu
1305 3584 1357 3622 ur·

214 3674 285 3731 bem
306 3674 377 3732 est.”
416 3673 516 3733 Gron:
541 3676 620 3734 Leet.
643 3673 742 3735 Plout.
768 3697 798 3754 p.
820 3684 867 3737 51.
906 3678 926 3699 ·”
938 3674 1049 3733 Vadaei
1066 3674 1196 3754 aliquem,
1216 3682 1261 3733 est
1281 3674 1358 3732 acci·
1410 3672 1414 3679 ’

216 3804 287 3863 pere
306 3787 344 3844 ab
363 3806 400 3845 eo
419 3786 519 3856 vades,
538 3786 568 3845 h.
582 3808 608 3846 e.
626 3786 814 3865 fidejussores
837 3788 1008 3867 locupletes,
1031 3788 1084 3865 qui
1099 3797 1181 3847 certa
1199 3786 1358 3865 sponsione

216 3900 351 3979 pecuniae
373 3900 461 3970 illum,
480 3902 557 3959 uude
572 3898 734 3980 petebatur,
756 3902 962 3961 vadimonium
984 3902 1148 3973 obiturum,
1176 3872 1228 3961 seu
1250 3901 1283 3959 in
1306 3901 1358 3980 jus

215 4020 386 4080 venturum,
412 4009 558 4088 recipiant
582 4021 613 4070 et
633 4010 816 4089 promittant.
862 4010 930 4070 Liv.
950 4011 1011 4068 ΙΙΙ.
1036 4020 1080 4072 13.
1119 4011 1211 4069 “Tot
1231 4011 1357 4071 vadibus

217 4131 368 4179 accusator
390 4118 514 4177 vadatus
527 4128 567 4178 est
580 4139 659 4178 reum
664 4124 696 4185 ;”
720 4138 770 4198 qu.
791 4131 845 4191 est,
865 4132 912 4179 tot
926 4120 1115 4199 fidejussores
1127 4123 1166 4180 ab
1179 4142 1218 4180 eo
1231 4122 1355 4200 accepit,

217 4230 249 4287 in
275 4231 326 4309 jus
355 4239 523 4289 venturum·
543 4250 617 4289 esse.
671 4231 828 4290 Dabuntur
855 4243 956 4291 autem
983 4233 1079 4303 uades,
1109 4252 1147 4292 ne
1176 4233 1215 4291 -in
1241 4254 1357 4295 carcere

217 4346 411 4405 attinerentur
430 4365 525 4422 usque
548 4344 579 4401 in
599 4344 678 4403 diem
702 4344 817 4422 judicii.
859 4345 940 4403 Pers.
963 4352 1028 4404 288.
1068 4345 1099 4409 S.
1122 4344 1281 4404 “Vadatur
1307 4347 1357 4406 hic
