3250 5217
627 631 929 697 AULULARIA.
1333 630 1377 691 13

288 830 464 928 Longam,
490 831 616 926 laqueo
642 830 772 903 collum
798 831 939 926 quando
960 831 1225 943 obstrinxegpm
1262 885 1266 893 .
1293 849 1524 951 Μ

189 952 264 1025 Eu,
285 952 396 1029 Nunc
421 954 580 1052 defflo
600 954 745 1027 demum
771 955 891 1027 animo
914 955 1073 1052 egredior
1095 955 1211 1039 domo,
1219 890 1390 1066 [lpum
1398 946 1602 1051 comp-t)

289 1080 485 1176 Postquam
511 1080 685 1177 perspexi,
710 1080 806 1153 salva
831 1106 906 1153 esse
931 1081 1031 1154 intus
1054 1084 1183 1154 omnia.

289 1206 387 1279 Redi
400 1211 476 1303 jam
494 1207 589 1279 intro
606 1230 702 1279 nuno
720 1217 827 1301 atque
844 1207 944 1279 intus
961 1210 1077 1279 serva!

1075 1330 1139 1402 ST.
1167 1330 1313 1427 Quippe
1330 1329 1384 1401 nil

293 1456 375 1551 Ego
397 1456 496 1527 intus
522 1460 675 1529 servem!
709 1456 786 1542 An,
812 1482 858 1529 ne
882 1458 961 1553 quis
986 1457 1078 1530 aedes
1104 1454 1267 1529 auferat?

291 1579 389 1654 Nam
415 1580 474 1653 hio
497 1583 592 1678 apud
615 1607 678 1653 nos
704 1580 797 1654 nihil
823 1593 876 1656 est
901 1582 1001 1655 aliud
1027 1608 1050 1679 q
1105 1583 1152 1655 sti
1177 1582 1334 1657 furibus:

295 1707 355 1780 lta
379 1709 511 1781 inaniis
537 1719 621 1781 sunt
647 1708 796 1805 oppletae
820 1723 929 1804 atque
951 1608 1106 1781 uiridi}
1309 1732 1312 1740 ·
1348 1721 1386 1772 45

196 1832 271 1905 EU.
294 1832 445 1920 Mirum,
472 1835 559 1930 quin
587 1845 649 1907 tua
674 1859 770 1907 nuno
793 1860 851 1907 me
876 1860 980 1907 causa
1004 1833 1112 1907 faciat
1138 1832 1284 1928 Jupiter

295 1956 509 2056 Philippum
532 1984 650 2057 regem
678 1970 741 2032 aut
765 1959 934 2044 Darium,
959 1959 1180 2032 trivenefioa!

243 2213 262 2239 v.
275 2203 305 2241 ³9·
329 2201 371 2241 Bo:
389 2204 458 2241 Meum
471 2204 548 2250 moneo,
561 2207 598 2241 ete.
618 2204 652 2241 sed
665 2204 723 2241 abest
733 2211 800 2240 murm
812 2202 839 2240 ab
852 2201 949 2239 omniun
960 2202 1050 2249 scripum
1063 2206 1084 2240 et
1095 2205 1154 2248 reme,
1170 2201 1226 2249 quod
1237 2201 1263 2239 ad
1274 2212 1389 2241 sermonem
1472 2211 1476 2221 ·

198 2266 282 2311 airinom
294 2265 350 2314 quod
361 2264 387 2303 ad
397 2269 492 2311 metrum,
509 2265 593 2313 parando
603 2265 679 2312 absque
690 2263 775 2302 elisione
785 2263 864 2312 legend.
877 2267 973 2301 eaeoerurn
984 2267 1024 2303 ires
1036 2263 1112 2302 Vinou
1124 2268 1145 2303 et
1158 2264 1228 2303 Nomi
1239 2264 1330 2313 plerique
1340 2265 1392 2303 dant

199 2333 305 2380 Lonpumr
321 2335 361 2369 tres
373 2335 461 2376 tantum,
478 2330 504 2367 R.
516 2330 533 2366 2.
547 2329 574 2366 H.
589 2330 606 2365 5.
621 2328 648 2365 H.
660 2329 678 2365 2.
693 2330 798 2375 Lonpomr
815 2328 850 2365 aed
864 2328 945 2373 horum,
960 2327 987 2366 Η.
996 2329 1014 2374 2,
1031 2327 1098 2365 littera
1110 2337 1126 2365 u
1139 2327 1279 2376 superroriptn
1304 2327 1345 2365 Pro
1361 2330 1393 2366 od

198 2393 309 2439 strinxere,
323 2393 350 2431 H.
359 2394 377 2431 a
395 2397 416 2432 rt
428 2393 454 2438 A,
467 2390 522 2430 etv.
532 2392 548 2428 l.
562 2390 749 2429 carmon—lo.
762 2388 827 2427 Novoe
843 2400 908 2427 eoerrae
923 2389 1006 2427 initium
1017 2390 1057 2427 hoo
1069 2388 1115 2428 loeo
1130 2390 1155 2428 lit
1167 2389 1222 2438 apud
1234 2394 1311 2438 septem
1327 2390 1389 2428 codd.

199 2455 254 2505 apud
265 2455 354 2503 reliquos
364 2456 419 2504 prior
430 2464 490 2493 roena
503 2454 645 2497 murmurum
660 2457 681 2492 et
693 2452 775 2501 quidem
787 2453 840 2499 jure,
856 2462 905 2490 nam
920 2452 949 2489 sio
964 2452 1021 2490 Infra
1032 2463 1051 2489 v.
1063 2453 1102 2497 163,
1117 2452 1175 2490 abest
1188 2452 1298 2500 paullisper
1308 2462 1322 2489 a
1332 2462 1392 2490 roena

200 2520 278 2568 Euclio,
297 2532 358 2561 roena
372 2526 442 2560 tamen
456 2520 670 2559 continuatur—41.
683 2519 723 2556 Sex
738 2518 799 2555 codd
815 2518 927 2565 promti,-
946 2528 1007 2564 unus,
1024 2517 1050 2554 H.
1064 2518 1081 2555 1.
1094 2518 1272 2565 consputi-42.
1286 2517 1319 2556 lta
1334 2517 1359 2555 R
1372 2519 1390 2555 2.

201 2584 229 2623 ll.
241 2586 259 2622 n.
272 2585 327 2633 vulg.
345 2594 401 2624 nune
410 2584 458 2631 jam
471 2584 532 2622 iutro.
558 2582 659 2621 Ceterum
674 2582 725 2627 rodi,
742 2582 847 2630 posteriori
861 2581 929 2619 littera
942 2585 1034 2631 correpta
1049 2580 1168 2629 plerumque
1183 2582 1257 2631 legitur
1272 2582 1327 2631 apud
1341 2581 1393 2621 Noe·

201 2648 262 2683 trum.
290 2644 368 2691 Quippe
382 2643 419 2689 nil,
434 2642 504 2681 dooern
516 2640 579 2679 codd.
591 2641 655 2679 nostri
669 2645 691 2680 et
701 2645 741 2680 tres
756 2638 834 2680 Vindd.
848 2644 869 2679 et
881 2640 919 2677 Ed.
933 2641 956 2678 P.
969 2652 1030 2688 unus,
1042 2642 1069 2679 Η.
1082 2644 1100 2680 5.
1114 2644 1171 2682 πελῶ
1198 2644 1224 2682 V.
1238 2645 1394 2693 quippini-

201 2710 230 2746 45.
244 2708 320 2747 Deoem
334 2708 395 2746 codd
412 2707 489 2746 inanis.
514 2706 560 2744 Tres
575 2705 651 2751 Nostri,
667 2709 689 2744 et
702 2704 745 2743 duo
757 2704 834 2744 Vindd.
851 2705 928 2743 inanes.
954 2705 1022 2743 Habet
1031 2711 1053 2744 et
1065 2706 1123 2754 gloss
1139 2708 1257 2757 marginnie,
1274 2710 1299 2746 Δ.
1314 2709 1392 2754 mania,

201 2770 307 2809 vacuitate.
333 2770 415 2809 inaniis
428 2779 465 2818 pro
476 2768 547 2817 trisyli.
564 2768 650 2807 habend.
665 2769 782 2816 etoppleiae
794 2770 870 2816 absque
884 2767 968 2807 elisione
979 2768 1124 2817 pronuntianti
1149 2769 1216 2817 Unus,
1231 2771 1258 2808 Η,
1270 2772 1288 2809 d
1302 2773 1394 2819 oppida-

202 2834 321 2881 qru.-46.
335 2835 368 2873 Ita
383 2843 453 2873 omnes
468 2832 531 2871 Oodd.
547 2835 620 2881 praeter
635 2830 658 2869 B.
673 2832 689 2868 1.
710 2831 747 2870 ubi
761 2834 792 2870 est
807 2833 845 2870 tua
858 2840 915 2871 nono
929 2841 994 2870 cauea
1008 2841 1054 2874 mor
1070 2832 1126 2871 unde
1144 2838 1228 2882 apparet
1241 2834 1394 2883 pronuntianda

202 2907 244 2937 esse
256 2898 333 2944 Mirm,
350 2903 370 2937 et
381 2901 424 2945 roa,
438 2896 602 2945 monosyllauiee.
628 2896 669 2935 Bo:
686 2896 763 2935 omittit
777 2896 916 2939 nune—47.
929 2895 961 2934 Ita
972 2906 1044 2934 omnes
1055 2896 1118 2934 Godd,
1135 2897 1175 2936 nini
1187 2898 1242 2946 quod
1253 2898 1280 2938 H.
1291 2899 1307 2935 1.
1320 2898 1395 2937 hahent

204 2956 295 3002 vermen
322 2956 404 2995 Dirum
415 2946 589 3005 δισσυλλάβως
600 2960 696 3005 pronum
709 2963 730 2996 et
741 2966 806 3005 repom
817 2966 860 2995 non
871 2956 917 2995 elid.

208 3154 284 3213 Pir.
307 3154 360 3231 qui
384 3154 455 3213 citat
475 3154 571 3215 Nost..
587 3154 667 3212 Rud.
692 3163 775 3224 1091.
866 3162 912 3215 45.
953 3154 1071 3214 Inrmr'is
1084 3155 1231 3234 oppletur]
1273 3155 1393 3233 Hyper-

208 3270 251 3328 sq.
826 3252 902 3309 bole.
935 3251 980 3308 Id.
1001 3271 1052 3328 qu.
1094 3248 1241 3309 Inanitate
1278 3250 1393 3328 plenae3

209 3370 224 3393 “
237 3367 301 3425 Quid
311 3367 413 3423 meliust,
429 3382 498 3426 quarn
513 3375 540 3413 ut
552 3366 607 3414 hine
623 3364 684 3415 intro
694 3366 777 3414 abeam
829 3342 1241 3421 ‘Filled-Wlthjmptlness}
1262 3354 1296 3401 ut
1318 3343 1396 3401 lest

266 3449 337 3489 etme
348 3442 490 3500 suspendam
501 3440 648 3495 clanculum,
828 3440 939 3497 Noster
960 3438 1054 3497 Merc.
1076 3436 1142 3497 565.

239 3514 325 3561 Saltem
336 3514 459 3573 tantisper,
468 3516 525 3561 dum
535 3514 645 3561 abscedat
654 3513 778 3561 haecame
971 3568 978 3589 ι
1022 3564 1027 3572 .
1065 3563 1070 3572 Ι
1108 3562 1113 3572 .
1237 3563 1253 3583 n

270 3586 437 3644 aegn'moniai,”
962 3570 968 3589 ‘
989 3564 1004 3612 J
1007 3571 1127 3623 eJunrtairs
1140 3562 1235 3621 plenus.

212 3668 361 3727 Caeterum
375 3670 453 3729 Vide
466 3670 497 3728 in
512 3670 609 3727 Gloss.
868 3712 914 3770 47·
956 3701 1125 3781 Philippum
1145 3722 1239 3781 regem
1260 3711 1312 3759 aut
1329 3702 1395 3759 Da.

252 3802 299 3853 40.
333 3794 420 3853 Nunc
433 3794 569 3874 dffeoato,
584 3794 658 3872 eto]
681 3792 778 3850 ‘Now
828 3796 930 3876 rium]
961 3797 1003 3854 Hi
1017 3817 1103 3873 reges
1117 3799 1155 3856 ob
1169 3795 1288 3854 divitias
1299 3797 1393 3854 maxi·

213 3891 327 3949 Icomo
341 3902 394 3949 out
404 3892 477 3949 with
490 3911 541 3967 my
549 3890 637 3948 'mind
650 3900 680 3948 at
693 3890 777 3947 ease!
828 3913 877 3951 me
903 3892 1033 3950 celebres
1057 3899 1158 3959 erant;
1185 3898 1216 3946 et
1244 3890 1396 3968 praeoipue

214 3983 239 4041 1·
253 4005 279 4043 θ·
313 3981 780 4059 Anim080dai0›tr³11q11fll⁰›et
829 3999 895 4047 tum
908 3987 1050 4064 temporis
1063 4006 1132 4045 cum
1145 3985 1192 4041 hae
1205 3985 1324 4054 fabular,
1344 4007 1396 4045 seu

214 4079 320 4137 timore
352 4099 455 4138 vacuo.
497 4078 572 4137 Haec
589 4078 642 4135 -ait
675 4096 780 4135 avarus
830 4080 990 4139 Menandri
1004 4079 1066 4137 sive
1082 4077 1157 4135 alius
1172 4078 1266 4135 Novae
1280 4080 1396 4136 Comoe-

215 4175 304 4233 domo
324 4175 410 4233 laetus
432 4172 587 4249 egrediens
624 4180 781 4249 postquam
831 4173 888 4231 diae
899 4172 1026 4232 auctoris
1035 4171 1157 4239 fuerint,
1169 4170 1301 4248 primum
1309 4172 1398 4230 editae

216 4268 331 4325 salvum
349 4284 412 4325 esse
429 4284 536 4323 aurum
557 4284 586 4321 se
600 4263 705 4322 feeerit
718 4282 780 4322 cer·
832 4279 909 4328 sunt,
950 4270 1097 4327 Caeterum
1114 4267 1215 4327 confer
1233 4268 1314 4328 Pers,
1329 4278 1395 4330 333,

216 4362 330 4421 tiorem.
372 4361 433 4419 Hic
449 4380 534 4417 novae
553 4377 647 4417 scenae
662 4356 781 4415 initium
832 4396 848 4417 a
858 4392 958 4448 Mirum,
980 4390 1038 4451 quin
1058 4390 1117 4450 regis
1136 4389 1244 4450 Philippi
1266 4408 1336 4441 causa
1356 4402 1399 4441 aut

217 4458 352 4535 plerique
366 4459 404 4517 ob
418 4456 494 4515 hanc
507 4473 625 4515 oausam
637 4452 781 4513 fecerunt·
891 4465 965 4515 Attali
