<?xml version="1.0" encoding="UTF-8"?>
<!DOCTYPE html PUBLIC "-//W3C//DTD XHTML 1.0 Transitional//EN"
    "http://www.w3.org/TR/xhtml1/DTD/xhtml1-transitional.dtd">
<html xmlns="http://www.w3.org/1999/xhtml" xml:lang="en" lang="en">
 <head>
  <title>
</title>
<meta http-equiv="Content-Type" content="text/html;charset=utf-8" />
  <meta name='ocr-system' content='tesseract 3.04.00' />
  <meta name='ocr-capabilities' content='ocr_page ocr_carea ocr_par ocr_line ocrx_word'/>
</head>
<body>
  <div class='ocr_page' id='page_1' title='image "./maplautiaulular00hildgoog/maplautiaulular00hildgoog_0096.png"; bbox 0 0 3250 5217; ppageno 0'>
   <div class='ocr_carea' id='block_1_1' title="bbox 677 578 1006 643">
    <p class='ocr_par' dir='ltr' id='par_1_1' title="bbox 677 578 1006 643">
     <span class='ocr_line' id='line_1_1' title="bbox 677 578 1006 643; baseline 0.006 -2"><span class='ocrx_word' id='word_1_1' title='bbox 677 580 725 641; x_wconf 90' lang='lat' dir='ltr'>M.</span> <span class='ocrx_word' id='word_1_2' title='bbox 750 581 794 642; x_wconf 87' lang='lat' dir='ltr'>A.</span> <span class='ocrx_word' id='word_1_3' title='bbox 821 578 1006 643; x_wconf 85' lang='lat' dir='ltr'><strong>PLAUTI</strong></span> 
     </span>
    </p>
   </div>
   <div class='ocr_carea' id='block_1_2' title="bbox 258 778 1442 1881">
    <p class='ocr_par' dir='ltr' id='par_1_2' title="bbox 258 778 1442 1881">
     <span class='ocr_line' id='line_1_2' title="bbox 355 778 1441 909; baseline -0.007 -58"><span class='ocrx_word' id='word_1_4' title='bbox 355 779 456 865; x_wconf 80' lang='lat' dir='ltr'>Quin</span> <span class='ocrx_word' id='word_1_5' title='bbox 484 788 566 850; x_wconf 89' lang='lat' dir='ltr'>exta</span> <span class='ocrx_word' id='word_1_6' title='bbox 590 778 761 872; x_wconf 85' lang='lat' dir='ltr'>inspicere</span> <span class='ocrx_word' id='word_1_7' title='bbox 787 778 1056 909; x_wconf 52' lang='lat' dir='ltr'>in‘pplpptiam</span> <span class='ocrx_word' id='word_1_8' title='bbox 1084 780 1163 849; x_wconf 90' lang='lat' dir='ltr'>vivo</span> <span class='ocrx_word' id='word_1_9' title='bbox 1186 778 1292 851; x_wconf 87' lang='lat' dir='ltr'>iicet:</span> <span class='ocrx_word' id='word_1_10' title='bbox 1382 794 1441 844; x_wconf 78' lang='lat' dir='ltr'>tao</span> 
     </span>
     <span class='ocr_line' id='line_1_3' title="bbox 355 902 1118 999; baseline 0.001 -23"><span class='ocrx_word' id='word_1_11' title='bbox 355 905 415 979; x_wconf 88' lang='lat' dir='ltr'>Ita</span> <span class='ocrx_word' id='word_1_12' title='bbox 440 906 470 976; x_wconf 87' lang='lat' dir='ltr'>is</span> <span class='ocrx_word' id='word_1_13' title='bbox 494 903 659 999; x_wconf 81' lang='lat' dir='ltr'>pellucet,</span> <span class='ocrx_word' id='word_1_14' title='bbox 684 905 784 999; x_wconf 85' lang='lat' dir='ltr'><strong>quasi</strong></span> <span class='ocrx_word' id='word_1_15' title='bbox 808 903 946 976; x_wconf 88' lang='lat' dir='ltr'>laterna</span> <span class='ocrx_word' id='word_1_16' title='bbox 970 902 1118 977; x_wconf 86' lang='lat' dir='ltr'>Punica.</span> 
     </span>
     <span class='ocr_line' id='line_1_4' title="bbox 258 1028 963 1127; baseline -0.007 -23"><span class='ocrx_word' id='word_1_17' title='bbox 258 1033 341 1104; x_wconf 89' lang='grc' dir='ltr'><strong>ΜΕ.</strong></span> <span class='ocrx_word' id='word_1_18' title='bbox 354 1029 577 1104; x_wconf 85' lang='lat' dir='ltr'>Caedundum</span> <span class='ocrx_word' id='word_1_19' title='bbox 595 1028 698 1101; x_wconf 91' lang='lat' dir='ltr'>iilum</span> <span class='ocrx_word' id='word_1_20' title='bbox 717 1054 782 1127; x_wconf 85' lang='lat' dir='ltr'>ego</span> <span class='ocrx_word' id='word_1_21' title='bbox 799 1029 963 1102; x_wconf 87' lang='lat' dir='ltr'>conduxi.</span> 
     </span>
     <span class='ocr_line' id='line_1_5' title="bbox 345 1154 1442 1283; baseline 0.004 -58"><span class='ocrx_word' id='word_1_22' title='bbox 345 1192 548 1283; x_wconf 39' lang='lat' dir='ltr'>ww</span> <span class='ocrx_word' id='word_1_23' title='bbox 561 1186 659 1269; x_wconf 49' lang='lat' dir='ltr'><em>W</em></span> <span class='ocrx_word' id='word_1_24' title='bbox 802 1154 878 1226; x_wconf 80' lang='lat' dir='ltr'>En.</span> <span class='ocrx_word' id='word_1_25' title='bbox 897 1155 991 1228; x_wconf 81' lang='lat' dir='ltr'>Tum</span> <span class='ocrx_word' id='word_1_26' title='bbox 1012 1167 1053 1228; x_wconf 90' lang='lat' dir='ltr'>tu</span> <span class='ocrx_word' id='word_1_27' title='bbox 1069 1156 1163 1229; x_wconf 90' lang='lat' dir='ltr'>idem</span> <span class='ocrx_word' id='word_1_28' title='bbox 1183 1167 1368 1251; x_wconf 91' lang='lat' dir='ltr'>optumum</span> <span class='ocrx_word' id='word_1_29' title='bbox 1386 1168 1442 1229; x_wconf 83' lang='lat' dir='ltr'>est</span> 
     </span>
     <span class='ocr_line' id='line_1_6' title="bbox 356 1279 1364 1375; baseline -0.002 -20"><span class='ocrx_word' id='word_1_30' title='bbox 356 1283 470 1355; x_wconf 91' lang='lat' dir='ltr'>Looes</span> <span class='ocrx_word' id='word_1_31' title='bbox 495 1279 740 1353; x_wconf 81' lang='lat' dir='ltr'>efferundumt</span> <span class='ocrx_word' id='word_1_32' title='bbox 766 1306 850 1352; x_wconf 87' lang='lat' dir='ltr'>nam</span> <span class='ocrx_word' id='word_1_33' title='bbox 868 1284 956 1375; x_wconf 87' lang='lat' dir='ltr'>jam,</span> <span class='ocrx_word' id='word_1_34' title='bbox 982 1281 1094 1366; x_wconf 88' lang='lat' dir='ltr'>credo,</span> <span class='ocrx_word' id='word_1_35' title='bbox 1119 1293 1275 1354; x_wconf 89' lang='lat' dir='ltr'>mortuos</span> <span class='ocrx_word' id='word_1_36' title='bbox 1301 1292 1364 1353; x_wconf 86' lang='lat' dir='ltr'>est.</span> 
     </span>
     <span class='ocr_line' id='line_1_7' title="bbox 258 1403 1143 1502; baseline 0.001 -23"><span class='ocrx_word' id='word_1_37' title='bbox 258 1408 344 1480; x_wconf 91' lang='grc' dir='ltr'><strong>ΜΕ.</strong></span> <span class='ocrx_word' id='word_1_38' title='bbox 357 1405 488 1477; x_wconf 89' lang='lat' dir='ltr'>Potare</span> <span class='ocrx_word' id='word_1_39' title='bbox 514 1431 578 1502; x_wconf 86' lang='lat' dir='ltr'>ego</span> <span class='ocrx_word' id='word_1_40' title='bbox 603 1403 718 1487; x_wconf 88' lang='lat' dir='ltr'>hodie,</span> <span class='ocrx_word' id='word_1_41' title='bbox 746 1404 887 1491; x_wconf 87' lang='lat' dir='ltr'>Euclio,</span> <span class='ocrx_word' id='word_1_42' title='bbox 912 1418 1029 1479; x_wconf 92' lang='lat' dir='ltr'>tecum</span> <span class='ocrx_word' id='word_1_43' title='bbox 1055 1409 1143 1480; x_wconf 91' lang='lat' dir='ltr'>volo.</span> 
     </span>
     <span class='ocr_line' id='line_1_8' title="bbox 258 1530 966 1628; baseline 0.001 -24"><span class='ocrx_word' id='word_1_44' title='bbox 258 1532 333 1605; x_wconf 86' lang='lat' dir='ltr'>Eu.</span> <span class='ocrx_word' id='word_1_45' title='bbox 355 1530 441 1603; x_wconf 91' lang='lat' dir='ltr'>Non</span> <span class='ocrx_word' id='word_1_46' title='bbox 458 1542 577 1627; x_wconf 93' lang='lat' dir='ltr'>potem</span> <span class='ocrx_word' id='word_1_47' title='bbox 594 1557 659 1627; x_wconf 87' lang='lat' dir='ltr'>ego</span> <span class='ocrx_word' id='word_1_48' title='bbox 676 1531 818 1628; x_wconf 90' lang='lat' dir='ltr'>quidem</span> <span class='ocrx_word' id='word_1_49' title='bbox 838 1531 966 1605; x_wconf 87' lang='lat' dir='ltr'>hercle.</span> 
     </span>
     <span class='ocr_line' id='line_1_9' title="bbox 971 1658 1441 1756; baseline 0 -27"><span class='ocrx_word' id='word_1_50' title='bbox 971 1659 1052 1731; x_wconf 88' lang='grc' dir='ltr'><strong>ΜΕ.</strong></span> <span class='ocrx_word' id='word_1_51' title='bbox 1071 1658 1129 1731; x_wconf 83' lang='lat' dir='ltr'>At</span> <span class='ocrx_word' id='word_1_52' title='bbox 1146 1685 1211 1756; x_wconf 85' lang='lat' dir='ltr'>ego</span> <span class='ocrx_word' id='word_1_53' title='bbox 1223 1664 1358 1755; x_wconf 88' lang='lat' dir='ltr'>jussero</span> <span class='ocrx_word' id='word_1_54' title='bbox 1384 1676 1441 1729; x_wconf 72' lang='lat'>525</span> 
     </span>
     <span class='ocr_line' id='line_1_10' title="bbox 358 1776 1202 1881; baseline 0.006 -29"><span class='ocrx_word' id='word_1_55' title='bbox 358 1776 498 1852; x_wconf 86' lang='lat' dir='ltr'>Cadum</span> <span class='ocrx_word' id='word_1_56' title='bbox 524 1805 634 1851; x_wconf 91' lang='lat' dir='ltr'>unum</span> <span class='ocrx_word' id='word_1_57' title='bbox 660 1782 743 1881; x_wconf 39' lang='lat' dir='ltr'>vini·</span> <span class='ocrx_word' id='word_1_58' title='bbox 759 1784 887 1855; x_wconf 86' lang='lat' dir='ltr'>veteris</span> <span class='ocrx_word' id='word_1_59' title='bbox 913 1810 933 1855; x_wconf 89' lang='lat' dir='ltr'>a</span> <span class='ocrx_word' id='word_1_60' title='bbox 956 1810 1013 1856; x_wconf 90' lang='lat' dir='ltr'>me</span> <span class='ocrx_word' id='word_1_61' title='bbox 1038 1786 1202 1857; x_wconf 82' lang='lat' dir='ltr'>afferrier.</span> 
     </span>
    </p>
   </div>
   <div class='ocr_carea' id='block_1_3' title="bbox 258 1904 1402 2134">
    <p class='ocr_par' dir='ltr' id='par_1_3' title="bbox 258 1904 1402 2134">
     <span class='ocr_line' id='line_1_11' title="bbox 258 1904 1402 2053; baseline 0.004 -74"><span class='ocrx_word' id='word_1_62' title='bbox 258 1907 334 1981; x_wconf 80' lang='lat' dir='ltr'>Eu,</span> <span class='ocrx_word' id='word_1_63' title='bbox 357 1905 453 1979; x_wconf 93' lang='lat' dir='ltr'>Nolo</span> <span class='ocrx_word' id='word_1_64' title='bbox 471 1904 607 1979; x_wconf 85' lang='lat' dir='ltr'>hercle:</span> <span class='ocrx_word' id='word_1_65' title='bbox 633 1932 715 1979; x_wconf 89' lang='lat' dir='ltr'>nam</span> <span class='ocrx_word' id='word_1_66' title='bbox 739 1907 828 1981; x_wconf 92' lang='lat' dir='ltr'>mihi</span> <span class='ocrx_word' id='word_1_67' title='bbox 837 1911 1170 2053; x_wconf 31' lang='lat' dir='ltr'>pjpffilppcpetum</span> <span class='ocrx_word' id='word_1_68' title='bbox 1192 1924 1246 1986; x_wconf 87' lang='lat' dir='ltr'>est</span> <span class='ocrx_word' id='word_1_69' title='bbox 1265 1939 1402 2010; x_wconf 86' lang='lat' dir='ltr'>aquam.</span> 
     </span>
     <span class='ocr_line' id='line_1_12' title="bbox 259 2030 1328 2134; baseline 0.004 -28"><span class='ocrx_word' id='word_1_70' title='bbox 259 2038 340 2106; x_wconf 90' lang='grc' dir='ltr'>ΜΕ.</span> <span class='ocrx_word' id='word_1_71' title='bbox 356 2032 439 2129; x_wconf 86' lang='lat' dir='ltr'>Ego</span> <span class='ocrx_word' id='word_1_72' title='bbox 463 2044 499 2104; x_wconf 90' lang='lat' dir='ltr'>te</span> <span class='ocrx_word' id='word_1_73' title='bbox 524 2030 629 2125; x_wconf 86' lang='lat' dir='ltr'>hodie</span> <span class='ocrx_word' id='word_1_74' title='bbox 654 2035 800 2106; x_wconf 82' lang='lat' dir='ltr'><strong>reddam</strong></span> <span class='ocrx_word' id='word_1_75' title='bbox 826 2032 1020 2121; x_wconf 87' lang='lat' dir='ltr'>madidum,</span> <span class='ocrx_word' id='word_1_76' title='bbox 1045 2064 1073 2110; x_wconf 92' lang='lat' dir='ltr'>s1</span> <span class='ocrx_word' id='word_1_77' title='bbox 1099 2039 1187 2122; x_wconf 89' lang='lat' dir='ltr'>vivo,</span> <span class='ocrx_word' id='word_1_78' title='bbox 1211 2039 1328 2134; x_wconf 86' lang='lat' dir='ltr'><strong>probe,</strong></span> 
     </span>
    </p>
   </div>
   <div class='ocr_carea' id='block_1_4' title="bbox 257 2279 1445 2829">
    <p class='ocr_par' dir='ltr' id='par_1_4' title="bbox 257 2279 1445 2829">
     <span class='ocr_line' id='line_1_13' title="bbox 303 2279 1445 2339; baseline 0.007 -21"><span class='ocrx_word' id='word_1_79' title='bbox 303 2291 323 2319; x_wconf 85' lang='lat' dir='ltr'>v.</span> <span class='ocrx_word' id='word_1_80' title='bbox 335 2282 375 2319; x_wconf 66' lang='lat' dir='ltr'>m.</span> <span class='ocrx_word' id='word_1_81' title='bbox 400 2279 468 2319; x_wconf 76' lang='lat' dir='ltr'>cond:</span> <span class='ocrx_word' id='word_1_82' title='bbox 481 2280 513 2319; x_wconf 85' lang='lat' dir='ltr'>vel</span> <span class='ocrx_word' id='word_1_83' title='bbox 528 2283 547 2319; x_wconf 83' lang='lat' dir='ltr'>ct</span> <span class='ocrx_word' id='word_1_84' title='bbox 559 2281 611 2328; x_wconf 76' lang='lat' dir='ltr'>rino,</span> <span class='ocrx_word' id='word_1_85' title='bbox 625 2281 660 2339; x_wconf 67' lang='lat' dir='ltr'>rel</span> <span class='ocrx_word' id='word_1_86' title='bbox 670 2284 690 2320; x_wconf 82' lang='lat' dir='ltr'>ct</span> <span class='ocrx_word' id='word_1_87' title='bbox 704 2282 758 2321; x_wconf 81' lang='lat' dir='ltr'>ciac.</span> <span class='ocrx_word' id='word_1_88' title='bbox 783 2282 830 2321; x_wconf 80' lang='lat' dir='ltr'>Alci</span> <span class='ocrx_word' id='word_1_89' title='bbox 847 2282 914 2323; x_wconf 79' lang='lat' dir='ltr'>Porro.</span> <span class='ocrx_word' id='word_1_90' title='bbox 926 2290 947 2325; x_wconf 83' lang='lat' dir='ltr'>et</span> <span class='ocrx_word' id='word_1_91' title='bbox 961 2285 1053 2325; x_wconf 77' lang='lat' dir='ltr'>Recentt.</span> <span class='ocrx_word' id='word_1_92' title='bbox 1067 2283 1172 2332; x_wconf 71' lang='lat' dir='ltr'>cticm&#39;et</span> <span class='ocrx_word' id='word_1_93' title='bbox 1186 2286 1207 2324; x_wconf 91' lang='lat' dir='ltr'>id</span> <span class='ocrx_word' id='word_1_94' title='bbox 1220 2286 1304 2333; x_wconf 85' lang='lat' dir='ltr'>servari,</span> <span class='ocrx_word' id='word_1_95' title='bbox 1320 2296 1445 2335; x_wconf 81' lang='lat' dir='ltr'>quamquam</span> 
     </span>
     <span class='ocr_line' id='line_1_14' title="bbox 257 2343 1445 2399; baseline 0.007 -18"><span class='ocrx_word' id='word_1_96' title='bbox 257 2343 345 2382; x_wconf 78' lang='lat' dir='ltr'>alterum</span> <span class='ocrx_word' id='word_1_97' title='bbox 359 2346 426 2391; x_wconf 83' lang='lat' dir='ltr'>polest</span> <span class='ocrx_word' id='word_1_98' title='bbox 438 2354 486 2381; x_wconf 88' lang='lat' dir='ltr'>cum</span> <span class='ocrx_word' id='word_1_99' title='bbox 495 2344 555 2382; x_wconf 84' lang='lat' dir='ltr'>hiatu</span> <span class='ocrx_word' id='word_1_100' title='bbox 566 2344 741 2383; x_wconf 75' lang='lat' dir='ltr'>retineri—saa.</span> <span class='ocrx_word' id='word_1_101' title='bbox 755 2346 847 2391; x_wconf 75' lang='lat' dir='ltr'>Qrutuor</span> <span class='ocrx_word' id='word_1_102' title='bbox 858 2348 933 2395; x_wconf 81' lang='lat' dir='ltr'>Nostri,</span> <span class='ocrx_word' id='word_1_103' title='bbox 946 2360 980 2399; x_wconf 71' lang='lat' dir='ltr'>opo</span> <span class='ocrx_word' id='word_1_104' title='bbox 991 2352 1122 2390; x_wconf 71' lang='lat' dir='ltr'>illuns-Pro</span> <span class='ocrx_word' id='word_1_105' title='bbox 1132 2351 1191 2396; x_wconf 65' lang='lat' dir='ltr'>idern</span> <span class='ocrx_word' id='word_1_106' title='bbox 1204 2350 1230 2388; x_wconf 88' lang='grc' dir='ltr'>Η.</span> <span class='ocrx_word' id='word_1_107' title='bbox 1240 2352 1258 2396; x_wconf 83' lang='grc'>4,</span> <span class='ocrx_word' id='word_1_108' title='bbox 1270 2350 1306 2397; x_wconf 78' lang='lat' dir='ltr'>(lat</span> <span class='ocrx_word' id='word_1_109' title='bbox 1316 2350 1445 2389; x_wconf 77' lang='lat' dir='ltr'>idco-Tum</span> 
     </span>
     <span class='ocr_line' id='line_1_15' title="bbox 257 2406 1443 2462; baseline 0.008 -18"><span class='ocrx_word' id='word_1_110' title='bbox 257 2406 358 2455; x_wconf 80' lang='lat' dir='ltr'>optimum</span> <span class='ocrx_word' id='word_1_111' title='bbox 370 2408 398 2445; x_wconf 81' lang='lat' dir='ltr'>cst</span> <span class='ocrx_word' id='word_1_112' title='bbox 408 2406 470 2454; x_wconf 84' lang='lat' dir='ltr'>plane</span> <span class='ocrx_word' id='word_1_113' title='bbox 483 2407 506 2443; x_wconf 86' lang='lat' dir='ltr'>B.</span> <span class='ocrx_word' id='word_1_114' title='bbox 515 2418 533 2444; x_wconf 76' lang='lat' dir='ltr'>a.</span> <span class='ocrx_word' id='word_1_115' title='bbox 546 2411 567 2446; x_wconf 86' lang='lat' dir='ltr'>et</span> <span class='ocrx_word' id='word_1_116' title='bbox 580 2407 642 2446; x_wconf 71' lang='lat' dir='ltr'>Edita</span> <span class='ocrx_word' id='word_1_117' title='bbox 657 2409 764 2457; x_wconf 74' lang='lat' dir='ltr'>pleraeque.</span> <span class='ocrx_word' id='word_1_118' title='bbox 789 2410 816 2447; x_wconf 91' lang='grc' dir='ltr'><strong>Η.</strong></span> <span class='ocrx_word' id='word_1_119' title='bbox 826 2413 843 2447; x_wconf 74' lang='lat' dir='ltr'>l.</span> <span class='ocrx_word' id='word_1_120' title='bbox 852 2411 870 2456; x_wconf 83' lang='lat'>6,</span> <span class='ocrx_word' id='word_1_121' title='bbox 883 2414 979 2459; x_wconf 77' lang='lat' dir='ltr'>optumus</span> <span class='ocrx_word' id='word_1_122' title='bbox 989 2423 1014 2452; x_wconf 85' lang='lat' dir='ltr'>cs.</span> <span class='ocrx_word' id='word_1_123' title='bbox 1041 2413 1121 2462; x_wconf 86' lang='lat' dir='ltr'>Reliqui</span> <span class='ocrx_word' id='word_1_124' title='bbox 1134 2416 1228 2461; x_wconf 80' lang='lat' dir='ltr'>optumus</span> <span class='ocrx_word' id='word_1_125' title='bbox 1239 2414 1361 2452; x_wconf 72' lang='lat' dir='ltr'>ccc—tas</span> <span class='ocrx_word' id='word_1_126' title='bbox 1375 2416 1443 2459; x_wconf 72' lang='lat' dir='ltr'>Loca,</span> 
     </span>
     <span class='ocr_line' id='line_1_16' title="bbox 257 2468 1445 2525; baseline 0.008 -19"><span class='ocrx_word' id='word_1_127' title='bbox 257 2468 291 2507; x_wconf 82' lang='lat' dir='ltr'>Ita</span> <span class='ocrx_word' id='word_1_128' title='bbox 304 2478 375 2507; x_wconf 85' lang='lat' dir='ltr'>omnes</span> <span class='ocrx_word' id='word_1_129' title='bbox 390 2468 452 2506; x_wconf 80' lang='lat' dir='ltr'>codd.</span> <span class='ocrx_word' id='word_1_130' title='bbox 472 2469 605 2516; x_wconf 69' lang='lat' dir='ltr'>eff&#39;ruadum,</span> <span class='ocrx_word' id='word_1_131' title='bbox 620 2471 700 2510; x_wconf 79' lang='lat' dir='ltr'>sublata</span> <span class='ocrx_word' id='word_1_132' title='bbox 713 2471 779 2509; x_wconf 84' lang='lat' dir='ltr'>vocali</span> <span class='ocrx_word' id='word_1_133' title='bbox 795 2482 806 2510; x_wconf 84' lang='lat' dir='ltr'>c</span> <span class='ocrx_word' id='word_1_134' title='bbox 821 2474 965 2521; x_wconf 77' lang='lat' dir='ltr'>pronuntianti.</span> <span class='ocrx_word' id='word_1_135' title='bbox 991 2478 1052 2523; x_wconf 82' lang='lat' dir='ltr'>Loca,</span> <span class='ocrx_word' id='word_1_136' title='bbox 1074 2478 1117 2516; x_wconf 89' lang='lat' dir='ltr'>Bo:</span> <span class='ocrx_word' id='word_1_137' title='bbox 1131 2482 1152 2517; x_wconf 83' lang='lat' dir='ltr'>et</span> <span class='ocrx_word' id='word_1_138' title='bbox 1167 2477 1216 2515; x_wconf 84' lang='lat' dir='ltr'><strong>Edd.</strong></span> <span class='ocrx_word' id='word_1_139' title='bbox 1235 2478 1335 2525; x_wconf 78' lang='lat' dir='ltr'>pleneque</span> <span class='ocrx_word' id='word_1_140' title='bbox 1350 2477 1405 2515; x_wconf 85' lang='lat' dir='ltr'>Vett</span> <span class='ocrx_word' id='word_1_141' title='bbox 1423 2481 1445 2515; x_wconf 85' lang='lat' dir='ltr'>et</span> 
     </span>
     <span class='ocr_line' id='line_1_17' title="bbox 259 2530 1445 2587; baseline 0.005 -17"><span class='ocrx_word' id='word_1_142' title='bbox 259 2532 351 2570; x_wconf 71' lang='lat' dir='ltr'>Recenti.</span> <span class='ocrx_word' id='word_1_143' title='bbox 365 2530 400 2568; x_wconf 86' lang='lat' dir='ltr'>sed</span> <span class='ocrx_word' id='word_1_144' title='bbox 412 2530 443 2568; x_wconf 88' lang='lat' dir='ltr'>nil</span> <span class='ocrx_word' id='word_1_145' title='bbox 456 2540 508 2578; x_wconf 85' lang='lat' dir='ltr'>opus</span> <span class='ocrx_word' id='word_1_146' title='bbox 519 2534 693 2571; x_wconf 70' lang='lat' dir='ltr'>mutam—sao.</span> <span class='ocrx_word' id='word_1_147' title='bbox 705 2536 723 2571; x_wconf 82' lang='lat' dir='ltr'><strong><em>A</em></strong></span> <span class='ocrx_word' id='word_1_148' title='bbox 735 2544 766 2573; x_wconf 75' lang='lat' dir='ltr'>mc</span> <span class='ocrx_word' id='word_1_149' title='bbox 779 2534 885 2584; x_wconf 72' lang='lat' dir='ltr'>afferaierr</span> <span class='ocrx_word' id='word_1_150' title='bbox 903 2537 936 2577; x_wconf 82' lang='lat' dir='ltr'>Ita</span> <span class='ocrx_word' id='word_1_151' title='bbox 948 2539 1009 2587; x_wconf 83' lang='lat' dir='ltr'>plane</span> <span class='ocrx_word' id='word_1_152' title='bbox 1020 2539 1043 2576; x_wconf 92' lang='lat' dir='ltr'>B.</span> <span class='ocrx_word' id='word_1_153' title='bbox 1052 2551 1070 2578; x_wconf 82' lang='lat' dir='ltr'>a</span> <span class='ocrx_word' id='word_1_154' title='bbox 1084 2540 1111 2577; x_wconf 91' lang='grc' dir='ltr'><strong>Η.</strong></span> <span class='ocrx_word' id='word_1_155' title='bbox 1120 2542 1138 2579; x_wconf 82' lang='grc'><strong>3.</strong></span> <span class='ocrx_word' id='word_1_156' title='bbox 1147 2541 1164 2578; x_wconf 77' lang='lat' dir='ltr'>t.</span> <span class='ocrx_word' id='word_1_157' title='bbox 1179 2540 1203 2577; x_wconf 82' lang='grc' dir='ltr'><strong>Η.</strong></span> <span class='ocrx_word' id='word_1_158' title='bbox 1212 2542 1230 2577; x_wconf 76' lang='lat' dir='ltr'>a.</span> <span class='ocrx_word' id='word_1_159' title='bbox 1245 2544 1265 2579; x_wconf 85' lang='lat' dir='ltr'>et</span> <span class='ocrx_word' id='word_1_160' title='bbox 1279 2540 1309 2579; x_wconf 84' lang='lat' dir='ltr'>ita</span> <span class='ocrx_word' id='word_1_161' title='bbox 1321 2543 1374 2577; x_wconf 84' lang='lat' dir='ltr'>recte</span> <span class='ocrx_word' id='word_1_162' title='bbox 1389 2538 1445 2577; x_wconf 84' lang='lat' dir='ltr'><strong>Libri</strong></span> 
     </span>
     <span class='ocr_line' id='line_1_18' title="bbox 258 2588 1443 2648; baseline 0.008 -21"><span class='ocrx_word' id='word_1_163' title='bbox 258 2588 319 2627; x_wconf 80' lang='lat' dir='ltr'>Edit‘a</span> <span class='ocrx_word' id='word_1_164' title='bbox 345 2588 425 2637; x_wconf 77' lang='lat' dir='ltr'>Reliqui</span> <span class='ocrx_word' id='word_1_165' title='bbox 439 2593 509 2629; x_wconf 81' lang='lat' dir='ltr'>autem</span> <span class='ocrx_word' id='word_1_166' title='bbox 523 2591 586 2629; x_wconf 79' lang='lat' dir='ltr'>colu</span> <span class='ocrx_word' id='word_1_167' title='bbox 603 2594 632 2630; x_wconf 78' lang='lat' dir='ltr'>ad</span> <span class='ocrx_word' id='word_1_168' title='bbox 646 2603 682 2638; x_wconf 82' lang='lat' dir='ltr'>mc,</span> <span class='ocrx_word' id='word_1_169' title='bbox 699 2598 897 2641; x_wconf 72' lang='lat' dir='ltr'>perperam—627.</span> <span class='ocrx_word' id='word_1_170' title='bbox 911 2588 1030 2648; x_wconf 71' lang='lat' dir='ltr'>&#39;aipe&#39;rpus</span> <span class='ocrx_word' id='word_1_171' title='bbox 1045 2600 1118 2648; x_wconf 77' lang='lat' dir='ltr'>legitur</span> <span class='ocrx_word' id='word_1_172' title='bbox 1132 2600 1154 2637; x_wconf 87' lang='lat' dir='ltr'>in</span> <span class='ocrx_word' id='word_1_173' title='bbox 1170 2600 1224 2639; x_wconf 88' lang='lat' dir='ltr'>Mss.</span> <span class='ocrx_word' id='word_1_174' title='bbox 1241 2609 1317 2647; x_wconf 61' lang='lat' dir='ltr'>animm</span> <span class='ocrx_word' id='word_1_175' title='bbox 1332 2602 1366 2638; x_wconf 82' lang='lat' dir='ltr'>cst.</span> <span class='ocrx_word' id='word_1_176' title='bbox 1391 2600 1443 2637; x_wconf 81' lang='lat' dir='ltr'>cum</span> 
     </span>
     <span class='ocr_line' id='line_1_19' title="bbox 258 2653 1444 2718; baseline 0.01 -28"><span class='ocrx_word' id='word_1_177' title='bbox 258 2654 298 2692; x_wconf 86' lang='lat' dir='ltr'>hoc</span> <span class='ocrx_word' id='word_1_178' title='bbox 308 2664 367 2692; x_wconf 84' lang='lat' dir='ltr'>versu</span> <span class='ocrx_word' id='word_1_179' title='bbox 379 2653 479 2692; x_wconf 70' lang='lat' dir='ltr'>cauditus</span> <span class='ocrx_word' id='word_1_180' title='bbox 491 2654 518 2692; x_wconf 88' lang='grc' dir='ltr'><strong>Η.</strong></span> <span class='ocrx_word' id='word_1_181' title='bbox 526 2658 544 2692; x_wconf 79' lang='grc'><strong>4.</strong></span> <span class='ocrx_word' id='word_1_182' title='bbox 569 2655 619 2700; x_wconf 68' lang='lat' dir='ltr'>Qua</span> <span class='ocrx_word' id='word_1_183' title='bbox 630 2661 742 2704; x_wconf 81' lang='lat' dir='ltr'>sequuntur</span> <span class='ocrx_word' id='word_1_184' title='bbox 756 2657 818 2705; x_wconf 78' lang='lat' dir='ltr'>iginu</span> <span class='ocrx_word' id='word_1_185' title='bbox 831 2665 901 2699; x_wconf 83' lang='lat' dir='ltr'>carent</span> <span class='ocrx_word' id='word_1_186' title='bbox 914 2664 957 2709; x_wconf 83' lang='lat' dir='ltr'>ejus</span> <span class='ocrx_word' id='word_1_187' title='bbox 968 2664 1099 2709; x_wconf 58' lang='lat' dir='ltr'>auctoritem</span> <span class='ocrx_word' id='word_1_188' title='bbox 1110 2670 1131 2703; x_wconf 84' lang='lat' dir='ltr'>et</span> <span class='ocrx_word' id='word_1_189' title='bbox 1141 2667 1177 2709; x_wconf 81' lang='lat' dir='ltr'>est,</span> <span class='ocrx_word' id='word_1_190' title='bbox 1192 2664 1239 2703; x_wconf 86' lang='lat' dir='ltr'>licet</span> <span class='ocrx_word' id='word_1_191' title='bbox 1252 2664 1374 2707; x_wconf 64' lang='lat' dir='ltr'>ahmam.</span> <span class='ocrx_word' id='word_1_192' title='bbox 1387 2663 1444 2718; x_wconf 9' lang='lat' dir='ltr'>*haud</span> 
     </span>
     <span class='ocr_line' id='line_1_20' title="bbox 258 2718 1445 2775; baseline 0.006 -18"><span class='ocrx_word' id='word_1_193' title='bbox 258 2719 315 2767; x_wconf 70' lang='lat' dir='ltr'>parvi</span> <span class='ocrx_word' id='word_1_194' title='bbox 326 2718 385 2767; x_wconf 79' lang='lat' dir='ltr'>pretii</span> <span class='ocrx_word' id='word_1_195' title='bbox 397 2718 559 2757; x_wconf 64' lang='lat' dir='ltr'>emen—tm</span> <span class='ocrx_word' id='word_1_196' title='bbox 573 2720 596 2759; x_wconf 79' lang='lat' dir='ltr'>st</span> <span class='ocrx_word' id='word_1_197' title='bbox 611 2720 685 2767; x_wconf 78' lang='lat' dir='ltr'>vivam,</span> <span class='ocrx_word' id='word_1_198' title='bbox 702 2722 725 2759; x_wconf 86' lang='lat' dir='ltr'>B.</span> <span class='ocrx_word' id='word_1_199' title='bbox 734 2732 752 2759; x_wconf 78' lang='lat' dir='ltr'>a.</span> <span class='ocrx_word' id='word_1_200' title='bbox 779 2723 802 2759; x_wconf 78' lang='lat' dir='ltr'>Si</span> <span class='ocrx_word' id='word_1_201' title='bbox 818 2724 863 2762; x_wconf 81' lang='lat' dir='ltr'>uiuo</span> <span class='ocrx_word' id='word_1_202' title='bbox 876 2726 930 2770; x_wconf 77' lang='lat' dir='ltr'>cino,</span> <span class='ocrx_word' id='word_1_203' title='bbox 948 2727 973 2765; x_wconf 86' lang='lat' dir='ltr'>R.</span> <span class='ocrx_word' id='word_1_204' title='bbox 982 2729 999 2764; x_wconf 76' lang='lat'>2.</span> <span class='ocrx_word' id='word_1_205' title='bbox 1025 2727 1106 2775; x_wconf 77' lang='lat' dir='ltr'>Reliqui</span> <span class='ocrx_word' id='word_1_206' title='bbox 1122 2728 1155 2765; x_wconf 88' lang='lat' dir='ltr'>vel</span> <span class='ocrx_word' id='word_1_207' title='bbox 1168 2728 1222 2771; x_wconf 79' lang='lat' dir='ltr'>aino,</span> <span class='ocrx_word' id='word_1_208' title='bbox 1239 2727 1271 2765; x_wconf 83' lang='lat' dir='ltr'>rel</span> <span class='ocrx_word' id='word_1_209' title='bbox 1285 2727 1337 2765; x_wconf 82' lang='lat' dir='ltr'>rino.</span> <span class='ocrx_word' id='word_1_210' title='bbox 1362 2727 1388 2765; x_wconf 89' lang='lat' dir='ltr'>ln</span> <span class='ocrx_word' id='word_1_211' title='bbox 1403 2726 1445 2764; x_wconf 79' lang='lat' dir='ltr'>line</span> 
     </span>
     <span class='ocr_line' id='line_1_21' title="bbox 258 2780 806 2829; baseline 0.002 -8"><span class='ocrx_word' id='word_1_212' title='bbox 258 2792 326 2821; x_wconf 71' lang='lat' dir='ltr'>remu</span> <span class='ocrx_word' id='word_1_213' title='bbox 336 2782 420 2820; x_wconf 76' lang='lat' dir='ltr'><strong>exhibet</strong></span> <span class='ocrx_word' id='word_1_214' title='bbox 431 2780 457 2818; x_wconf 86' lang='grc' dir='ltr'><strong>Η.</strong></span> <span class='ocrx_word' id='word_1_215' title='bbox 468 2783 485 2826; x_wconf 86' lang='grc'>1,</span> <span class='ocrx_word' id='word_1_216' title='bbox 496 2791 572 2829; x_wconf 73' lang='lat' dir='ltr'>prone.-</span> <span class='ocrx_word' id='word_1_217' title='bbox 584 2783 619 2820; x_wconf 82' lang='lat' dir='ltr'>aed</span> <span class='ocrx_word' id='word_1_218' title='bbox 630 2782 716 2822; x_wconf 77' lang='lat' dir='ltr'>alterum</span> <span class='ocrx_word' id='word_1_219' title='bbox 728 2784 806 2824; x_wconf 78' lang='lat' dir='ltr'>meum.</span> 
     </span>
    </p>
   </div>
   <div class='ocr_carea' id='block_1_5' title="bbox 256 2980 1446 3709">
    <p class='ocr_par' dir='ltr' id='par_1_5' title="bbox 256 2980 1446 3709">
     <span class='ocr_line' id='line_1_22' title="bbox 297 2980 1444 3069; baseline 0.004 -27"><span class='ocrx_word' id='word_1_220' title='bbox 297 2988 363 3041; x_wconf 76' lang='lat'><strong>520.</strong></span> <span class='ocrx_word' id='word_1_221' title='bbox 405 2980 484 3039; x_wconf 71' lang='lat' dir='ltr'>Exta</span> <span class='ocrx_word' id='word_1_222' title='bbox 501 2980 669 3062; x_wconf 64' lang='lat' dir='ltr'>inspicere]</span> <span class='ocrx_word' id='word_1_223' title='bbox 703 2984 826 3063; x_wconf 86' lang='lat' dir='ltr'>Hyper·</span> <span class='ocrx_word' id='word_1_224' title='bbox 876 2989 953 3049; x_wconf 86' lang='lat' dir='ltr'><strong>Vide</strong></span> <span class='ocrx_word' id='word_1_225' title='bbox 966 2990 998 3048; x_wconf 92' lang='lat' dir='ltr'>in</span> <span class='ocrx_word' id='word_1_226' title='bbox 1012 2993 1106 3051; x_wconf 86' lang='lat' dir='ltr'>Gloss.</span> <span class='ocrx_word' id='word_1_227' title='bbox 1139 2993 1205 3051; x_wconf 85' lang='lat' dir='ltr'>Mos</span> <span class='ocrx_word' id='word_1_228' title='bbox 1219 2992 1277 3050; x_wconf 89' lang='lat' dir='ltr'>fuit</span> <span class='ocrx_word' id='word_1_229' title='bbox 1290 2991 1371 3069; x_wconf 88' lang='lat' dir='ltr'>apud</span> <span class='ocrx_word' id='word_1_230' title='bbox 1385 2990 1444 3047; x_wconf 87' lang='lat' dir='ltr'>Ro-</span> 
     </span>
     <span class='ocr_line' id='line_1_23' title="bbox 258 3069 1446 3159; baseline -0.005 -14"><span class='ocrx_word' id='word_1_231' title='bbox 258 3074 343 3145; x_wconf 75' lang='lat' dir='ltr'>b0le3</span> <span class='ocrx_word' id='word_1_232' title='bbox 365 3076 446 3133; x_wconf 62' lang='lat' dir='ltr'><strong>Exta</strong></span> <span class='ocrx_word' id='word_1_233' title='bbox 463 3069 523 3132; x_wconf 83' lang='lat' dir='ltr'>non</span> <span class='ocrx_word' id='word_1_234' title='bbox 540 3075 598 3133; x_wconf 73' lang='lat' dir='ltr'>ni⁸i</span> <span class='ocrx_word' id='word_1_235' title='bbox 610 3077 746 3135; x_wconf 70' lang='lat' dir='ltr'>mactatis</span> <span class='ocrx_word' id='word_1_236' title='bbox 761 3077 825 3135; x_wconf 70' lang='lat' dir='ltr'>ani-</span> <span class='ocrx_word' id='word_1_237' title='bbox 876 3103 978 3143; x_wconf 82' lang='lat' dir='ltr'>manos</span> <span class='ocrx_word' id='word_1_238' title='bbox 987 3084 1130 3143; x_wconf 88' lang='lat' dir='ltr'>cadavera</span> <span class='ocrx_word' id='word_1_239' title='bbox 1138 3095 1333 3152; x_wconf 86' lang='lat' dir='ltr'>mortuorum,</span> <span class='ocrx_word' id='word_1_240' title='bbox 1348 3082 1400 3159; x_wconf 91' lang='lat' dir='ltr'>qui</span> <span class='ocrx_word' id='word_1_241' title='bbox 1408 3083 1446 3140; x_wconf 91' lang='lat' dir='ltr'>de</span> 
     </span>
     <span class='ocr_line' id='line_1_24' title="bbox 258 3171 1445 3254; baseline 0.001 -25"><span class='ocrx_word' id='word_1_242' title='bbox 258 3171 384 3230; x_wconf 87' lang='lat' dir='ltr'>malibus</span> <span class='ocrx_word' id='word_1_243' title='bbox 397 3171 640 3248; x_wconf 82' lang='lat' dir='ltr'>inspiciebantur,</span> <span class='ocrx_word' id='word_1_244' title='bbox 654 3182 706 3229; x_wconf 91' lang='lat' dir='ltr'>aut</span> <span class='ocrx_word' id='word_1_245' title='bbox 719 3172 827 3250; x_wconf 87' lang='lat' dir='ltr'>inspici</span> <span class='ocrx_word' id='word_1_246' title='bbox 876 3174 979 3234; x_wconf 86' lang='lat' dir='ltr'>infima</span> <span class='ocrx_word' id='word_1_247' title='bbox 985 3176 1073 3253; x_wconf 90' lang='lat' dir='ltr'>plebe</span> <span class='ocrx_word' id='word_1_248' title='bbox 1081 3187 1187 3245; x_wconf 91' lang='lat' dir='ltr'>essent,</span> <span class='ocrx_word' id='word_1_249' title='bbox 1192 3196 1245 3254; x_wconf 89' lang='lat' dir='ltr'>per</span> <span class='ocrx_word' id='word_1_250' title='bbox 1255 3173 1445 3233; x_wconf 83' lang='lat' dir='ltr'>Conductores</span> 
     </span>
     <span class='ocr_line' id='line_1_25' title="bbox 257 3266 1445 3349; baseline 0.002 -25"><span class='ocrx_word' id='word_1_251' title='bbox 257 3277 395 3343; x_wconf 81' lang='lat' dir='ltr'>poterant</span> <span class='ocrx_word' id='word_1_252' title='bbox 413 3268 450 3325; x_wconf 87' lang='lat' dir='ltr'>ab</span> <span class='ocrx_word' id='word_1_253' title='bbox 477 3266 639 3344; x_wconf 88' lang='lat' dir='ltr'>extispiciis</span> <span class='ocrx_word' id='word_1_254' title='bbox 668 3276 699 3328; x_wconf 88' lang='lat' dir='ltr'>et</span> <span class='ocrx_word' id='word_1_255' title='bbox 732 3288 827 3327; x_wconf 88' lang='lat' dir='ltr'>sacer·</span> <span class='ocrx_word' id='word_1_256' title='bbox 877 3272 993 3349; x_wconf 90' lang='lat' dir='ltr'>sepeliri</span> <span class='ocrx_word' id='word_1_257' title='bbox 1017 3292 1135 3331; x_wconf 90' lang='lat' dir='ltr'>curare:</span> <span class='ocrx_word' id='word_1_258' title='bbox 1163 3272 1195 3329; x_wconf 93' lang='lat' dir='ltr'>hi</span> <span class='ocrx_word' id='word_1_259' title='bbox 1221 3271 1314 3349; x_wconf 86' lang='lat' dir='ltr'>igitur</span> <span class='ocrx_word' id='word_1_260' title='bbox 1339 3270 1445 3327; x_wconf 88' lang='lat' dir='ltr'>funera</span> 
     </span>
     <span class='ocr_line' id='line_1_26' title="bbox 258 3360 1446 3439; baseline 0 -20"><span class='ocrx_word' id='word_1_261' title='bbox 258 3362 386 3421; x_wconf 91' lang='lat' dir='ltr'>dotibus.</span> <span class='ocrx_word' id='word_1_262' title='bbox 425 3363 468 3419; x_wconf 87' lang='lat' dir='ltr'>At</span> <span class='ocrx_word' id='word_1_263' title='bbox 487 3360 568 3420; x_wconf 92' lang='lat' dir='ltr'>hunc</span> <span class='ocrx_word' id='word_1_264' title='bbox 588 3382 699 3439; x_wconf 88' lang='lat' dir='ltr'>agnum</span> <span class='ocrx_word' id='word_1_265' title='bbox 720 3363 827 3421; x_wconf 88' lang='lat' dir='ltr'>Euclio</span> <span class='ocrx_word' id='word_1_266' title='bbox 876 3366 1040 3438; x_wconf 80' lang='lat' dir='ltr'>conducere,</span> <span class='ocrx_word' id='word_1_267' title='bbox 1067 3367 1089 3423; x_wconf 90' lang='lat' dir='ltr'>ii</span> <span class='ocrx_word' id='word_1_268' title='bbox 1112 3376 1220 3436; x_wconf 90' lang='lat' dir='ltr'>autem,</span> <span class='ocrx_word' id='word_1_269' title='bbox 1247 3366 1327 3423; x_wconf 93' lang='lat' dir='ltr'>unde</span> <span class='ocrx_word' id='word_1_270' title='bbox 1353 3364 1446 3421; x_wconf 87' lang='lat' dir='ltr'>funus</span> 
     </span>
     <span class='ocr_line' id='line_1_27' title="bbox 257 3456 1445 3540; baseline 0.003 -27"><span class='ocrx_word' id='word_1_271' title='bbox 257 3457 299 3516; x_wconf 81' lang='lat' dir='ltr'>ita</span> <span class='ocrx_word' id='word_1_272' title='bbox 314 3476 447 3515; x_wconf 88' lang='lat' dir='ltr'>macrum</span> <span class='ocrx_word' id='word_1_273' title='bbox 461 3476 524 3514; x_wconf 86' lang='lat' dir='ltr'>esse</span> <span class='ocrx_word' id='word_1_274' title='bbox 543 3456 626 3525; x_wconf 88' lang='lat' dir='ltr'>dicit,</span> <span class='ocrx_word' id='word_1_275' title='bbox 646 3467 681 3514; x_wconf 93' lang='lat' dir='ltr'>ut</span> <span class='ocrx_word' id='word_1_276' title='bbox 694 3458 784 3516; x_wconf 89' lang='lat' dir='ltr'>etiam</span> <span class='ocrx_word' id='word_1_277' title='bbox 797 3457 825 3516; x_wconf 91' lang='lat' dir='ltr'>ei</span> <span class='ocrx_word' id='word_1_278' title='bbox 876 3461 987 3519; x_wconf 88' lang='lat' dir='ltr'>elatum</span> <span class='ocrx_word' id='word_1_279' title='bbox 1007 3473 1061 3531; x_wconf 91' lang='lat' dir='ltr'>est,</span> <span class='ocrx_word' id='word_1_280' title='bbox 1084 3461 1187 3531; x_wconf 86' lang='lat' dir='ltr'>locare,</span> <span class='ocrx_word' id='word_1_281' title='bbox 1209 3461 1337 3540; x_wconf 88' lang='lat' dir='ltr'>propriis</span> <span class='ocrx_word' id='word_1_282' title='bbox 1358 3480 1445 3518; x_wconf 90' lang='lat' dir='ltr'>voca-</span> 
     </span>
     <span class='ocr_line' id='line_1_28' title="bbox 258 3552 1445 3631; baseline -0.003 -19"><span class='ocrx_word' id='word_1_283' title='bbox 258 3554 327 3612; x_wconf 84' lang='lat' dir='ltr'>vivo</span> <span class='ocrx_word' id='word_1_284' title='bbox 346 3563 414 3611; x_wconf 87' lang='lat' dir='ltr'>exta</span> <span class='ocrx_word' id='word_1_285' title='bbox 432 3552 579 3630; x_wconf 85' lang='lat' dir='ltr'>inspicere</span> <span class='ocrx_word' id='word_1_286' title='bbox 598 3552 685 3611; x_wconf 90' lang='lat' dir='ltr'>liceat</span> <span class='ocrx_word' id='word_1_287' title='bbox 703 3554 736 3610; x_wconf 91' lang='lat' dir='ltr'>in</span> <span class='ocrx_word' id='word_1_288' title='bbox 756 3554 825 3611; x_wconf 84' lang='lat' dir='ltr'>sole.</span> <span class='ocrx_word' id='word_1_289' title='bbox 875 3556 955 3614; x_wconf 89' lang='lat' dir='ltr'>bulis</span> <span class='ocrx_word' id='word_1_290' title='bbox 965 3557 1149 3615; x_wconf 87' lang='lat' dir='ltr'>dicebantur.</span> <span class='ocrx_word' id='word_1_291' title='bbox 1171 3555 1298 3614; x_wconf 90' lang='lat' dir='ltr'>Consule</span> <span class='ocrx_word' id='word_1_292' title='bbox 1311 3555 1445 3631; x_wconf 85' lang='lat' dir='ltr'>Interpp.</span> 
     </span>
     <span class='ocr_line' id='line_1_29' title="bbox 256 3649 1211 3709; baseline 0.001 -3"><span class='ocrx_word' id='word_1_293' title='bbox 256 3649 359 3707; x_wconf 80' lang='lat' dir='ltr'>Lama.</span> <span class='ocrx_word' id='word_1_294' title='bbox 876 3650 915 3708; x_wconf 89' lang='lat' dir='ltr'>ad</span> <span class='ocrx_word' id='word_1_295' title='bbox 927 3650 998 3709; x_wconf 89' lang='lat' dir='ltr'>Juv.</span> <span class='ocrx_word' id='word_1_296' title='bbox 1016 3651 1075 3709; x_wconf 87' lang='lat' dir='ltr'>Sat.</span> <span class='ocrx_word' id='word_1_297' title='bbox 1091 3651 1150 3709; x_wconf 87' lang='grc' dir='ltr'><strong>ΙΙΙ.</strong></span> <span class='ocrx_word' id='word_1_298' title='bbox 1166 3658 1211 3709; x_wconf 77' lang='lat'>32.</span> 
     </span>
    </p>
   </div>
   <div class='ocr_carea' id='block_1_6' title="bbox 254 3770 1409 4134">
    <p class='ocr_par' dir='ltr' id='par_1_6' title="bbox 254 3770 1409 4134">
     <span class='ocr_line' id='line_1_30' title="bbox 295 3770 1409 3850; baseline -0.013 -17"><span class='ocrx_word' id='word_1_299' title='bbox 295 3782 361 3834; x_wconf 77' lang='lat'><strong>521.</strong></span> <span class='ocrx_word' id='word_1_300' title='bbox 407 3770 500 3837; x_wconf 76' lang='lat' dir='ltr'>Quasi</span> <span class='ocrx_word' id='word_1_301' title='bbox 532 3770 646 3830; x_wconf 82' lang='lat' dir='ltr'>laterna</span> <span class='ocrx_word' id='word_1_302' title='bbox 682 3772 825 3850; x_wconf 68' lang='lat' dir='ltr'>Punica]</span> <span class='ocrx_word' id='word_1_303' title='bbox 906 3784 922 3802; x_wconf 80' lang='lat'>‘⁴</span> <span class='ocrx_word' id='word_1_304' title='bbox 935 3778 1352 3834; x_wconf 72' lang='lat' dir='ltr'>Queissceileestedemcoaoacm</span> <span class='ocrx_word' id='word_1_305' title='bbox 1355 3808 1409 3821; x_wconf 89' lang='grc'><strong>......</strong></span> 
     </span>
     <span class='ocr_line' id='line_1_31' title="bbox 257 3850 1394 3945; baseline -0.007 -18"><span class='ocrx_word' id='word_1_306' title='bbox 257 3869 393 3927; x_wconf 85' lang='lat' dir='ltr'>Laternae</span> <span class='ocrx_word' id='word_1_307' title='bbox 410 3867 492 3925; x_wconf 88' lang='lat' dir='ltr'>enim</span> <span class='ocrx_word' id='word_1_308' title='bbox 505 3867 656 3926; x_wconf 71' lang='lat' dir='ltr'>Africanae</span> <span class='ocrx_word' id='word_1_309' title='bbox 674 3887 764 3945; x_wconf 89' lang='lat' dir='ltr'>supra</span> <span class='ocrx_word' id='word_1_310' title='bbox 778 3886 825 3926; x_wconf 90' lang='lat' dir='ltr'>ce·</span> <span class='ocrx_word' id='word_1_311' title='bbox 943 3855 1147 3911; x_wconf 73' lang='lat' dir='ltr'>——portanlum</span> <span class='ocrx_word' id='word_1_312' title='bbox 1157 3855 1187 3899; x_wconf 77' lang='lat' dir='ltr'>ad</span> <span class='ocrx_word' id='word_1_313' title='bbox 1197 3855 1262 3901; x_wconf 60' lang='grc' dir='ltr'>’ΝΜ</span> <span class='ocrx_word' id='word_1_314' title='bbox 1272 3850 1394 3899; x_wconf 49' lang='lat' dir='ltr'>canava?</span> 
     </span>
     <span class='ocr_line' id='line_1_32' title="bbox 255 3960 1254 4039; baseline 0 -18"><span class='ocrx_word' id='word_1_315' title='bbox 255 3973 332 4021; x_wconf 80' lang='lat' dir='ltr'>teras</span> <span class='ocrx_word' id='word_1_316' title='bbox 350 3971 435 4021; x_wconf 88' lang='lat' dir='ltr'>erant</span> <span class='ocrx_word' id='word_1_317' title='bbox 451 3960 616 4039; x_wconf 76' lang='lat' dir='ltr'>pellucidae.</span> <span class='ocrx_word' id='word_1_318' title='bbox 656 3960 703 4019; x_wconf 92' lang='lat' dir='ltr'>De</span> <span class='ocrx_word' id='word_1_319' title='bbox 720 3981 827 4019; x_wconf 86' lang='lat' dir='ltr'>cornea</span> <span class='ocrx_word' id='word_1_320' title='bbox 876 3964 917 4021; x_wconf 91' lang='lat' dir='ltr'>Et</span> <span class='ocrx_word' id='word_1_321' title='bbox 933 3963 1008 4021; x_wconf 91' lang='lat' dir='ltr'>Hor.</span> <span class='ocrx_word' id='word_1_322' title='bbox 1024 3962 1084 4021; x_wconf 87' lang='lat' dir='ltr'>Sat.</span> <span class='ocrx_word' id='word_1_323' title='bbox 1099 3963 1125 4021; x_wconf 93' lang='grc' dir='ltr'><strong>Ι.</strong></span> <span class='ocrx_word' id='word_1_324' title='bbox 1138 3982 1212 4021; x_wconf 84' lang='lat' dir='ltr'>vm.</span> <span class='ocrx_word' id='word_1_325' title='bbox 1227 3973 1254 4033; x_wconf 89' lang='lat'>9.</span> 
     </span>
     <span class='ocr_line' id='line_1_33' title="bbox 254 4055 1389 4134; baseline -0.009 -5"><span class='ocrx_word' id='word_1_326' title='bbox 254 4055 367 4114; x_wconf 58' lang='lat' dir='ltr'>laima</span> <span class='ocrx_word' id='word_1_327' title='bbox 384 4056 534 4133; x_wconf 60' lang='lat' dir='ltr'>inlelligit·</span> <span class='ocrx_word' id='word_1_328' title='bbox 575 4055 665 4113; x_wconf 70' lang='lat' dir='ltr'>Sffl·</span> <span class='ocrx_word' id='word_1_329' title='bbox 891 4073 1102 4134; x_wconf 81' lang='lat' dir='ltr'>“-Anguatis</span> <span class='ocrx_word' id='word_1_330' title='bbox 1111 4074 1187 4133; x_wconf 81' lang='lat' dir='ltr'>ejecta</span> <span class='ocrx_word' id='word_1_331' title='bbox 1197 4074 1313 4123; x_wconf 83' lang='lat' dir='ltr'>cadavera</span> <span class='ocrx_word' id='word_1_332' title='bbox 1322 4071 1389 4120; x_wconf 87' lang='lat' dir='ltr'>cellis</span> 
     </span>
    </p>
   </div>
   <div class='ocr_carea' id='block_1_7' title="bbox 294 4144 1448 4265">
    <p class='ocr_par' dir='ltr' id='par_1_7' title="bbox 294 4144 1448 4265">
     <span class='ocr_line' id='line_1_34' title="bbox 294 4144 1448 4265; baseline -0.032 -36"><span class='ocrx_word' id='word_1_333' title='bbox 294 4191 351 4243; x_wconf 74' lang='lat'>523</span> <span class='ocrx_word' id='word_1_334' title='bbox 400 4183 491 4242; x_wconf 60' lang='lat' dir='ltr'>Lm.</span> <span class='ocrx_word' id='word_1_335' title='bbox 512 4182 720 4265; x_wconf 53' lang='lat' dir='ltr'><em>qffmndum]</em></span> <span class='ocrx_word' id='word_1_336' title='bbox 761 4185 825 4242; x_wconf 43' lang='lat' dir='ltr'>Le·</span> <span class='ocrx_word' id='word_1_337' title='bbox 918 4149 1051 4197; x_wconf 84' lang='lat' dir='ltr'>Conservus</span> <span class='ocrx_word' id='word_1_338' title='bbox 1060 4149 1101 4197; x_wconf 90' lang='lat' dir='ltr'>vili</span> <span class='ocrx_word' id='word_1_339' title='bbox 1110 4150 1226 4209; x_wconf 86' lang='lat' dir='ltr'>portanda</span> <span class='ocrx_word' id='word_1_340' title='bbox 1236 4150 1324 4197; x_wconf 84' lang='lat' dir='ltr'>locabat</span> <span class='ocrx_word' id='word_1_341' title='bbox 1334 4148 1358 4194; x_wconf 90' lang='lat' dir='ltr'>in</span> <span class='ocrx_word' id='word_1_342' title='bbox 1368 4144 1448 4194; x_wconf 84' lang='lat' dir='ltr'>arca.&#39;&#39;</span> 
     </span>
    </p>
   </div>
   <div class='ocr_carea' id='block_1_8' title="bbox 254 4268 1449 4451">
    <p class='ocr_par' dir='ltr' id='par_1_8' title="bbox 254 4268 1449 4451">
     <span class='ocr_line' id='line_1_35' title="bbox 256 4268 1449 4357; baseline -0.006 -21"><span class='ocrx_word' id='word_1_343' title='bbox 256 4277 380 4355; x_wconf 89' lang='lat' dir='ltr'>Sepeliri</span> <span class='ocrx_word' id='word_1_344' title='bbox 412 4280 547 4350; x_wconf 82' lang='lat' dir='ltr'>curabis3</span> <span class='ocrx_word' id='word_1_345' title='bbox 577 4279 615 4337; x_wconf 88' lang='lat' dir='ltr'>ad</span> <span class='ocrx_word' id='word_1_346' title='bbox 642 4279 827 4357; x_wconf 85' lang='lat' dir='ltr'>sepulturam</span> <span class='ocrx_word' id='word_1_347' title='bbox 917 4274 983 4335; x_wconf 74' lang='lat'><strong>526.</strong></span> <span class='ocrx_word' id='word_1_348' title='bbox 1028 4275 1150 4353; x_wconf 75' lang='lat' dir='ltr'>Unum]</span> <span class='ocrx_word' id='word_1_349' title='bbox 1191 4275 1232 4332; x_wconf 91' lang='lat' dir='ltr'>H.</span> <span class='ocrx_word' id='word_1_350' title='bbox 1249 4274 1268 4331; x_wconf 91' lang='lat' dir='ltr'>l.</span> <span class='ocrx_word' id='word_1_351' title='bbox 1304 4268 1449 4351; x_wconf 54' lang='lat' dir='ltr'>waplam.</span> 
     </span>
     <span class='ocr_line' id='line_1_36' title="bbox 254 4368 1406 4451; baseline -0.007 -21"><span class='ocrx_word' id='word_1_352' title='bbox 254 4371 352 4431; x_wconf 85' lang='lat' dir='ltr'>efferri</span> <span class='ocrx_word' id='word_1_353' title='bbox 360 4390 481 4448; x_wconf 89' lang='lat' dir='ltr'>operam</span> <span class='ocrx_word' id='word_1_354' title='bbox 495 4373 718 4451; x_wconf 90' lang='lat' dir='ltr'>quamprimum</span> <span class='ocrx_word' id='word_1_355' title='bbox 732 4371 826 4432; x_wconf 89' lang='lat' dir='ltr'>dabis.</span> <span class='ocrx_word' id='word_1_356' title='bbox 878 4368 959 4448; x_wconf 93' lang='lat' dir='ltr'>quod</span> <span class='ocrx_word' id='word_1_357' title='bbox 980 4389 1040 4428; x_wconf 89' lang='lat' dir='ltr'>non</span> <span class='ocrx_word' id='word_1_358' title='bbox 1059 4388 1126 4427; x_wconf 86' lang='lat' dir='ltr'>raro</span> <span class='ocrx_word' id='word_1_359' title='bbox 1147 4369 1180 4427; x_wconf 85' lang='lat' dir='ltr'>fit</span> <span class='ocrx_word' id='word_1_360' title='bbox 1199 4369 1231 4425; x_wconf 91' lang='lat' dir='ltr'>in</span> <span class='ocrx_word' id='word_1_361' title='bbox 1249 4368 1305 4428; x_wconf 90' lang='lat' dir='ltr'>hac</span> <span class='ocrx_word' id='word_1_362' title='bbox 1325 4386 1406 4425; x_wconf 82' lang='lat' dir='ltr'>voce.</span> 
     </span>
    </p>
   </div>
   <div class='ocr_carea' id='block_1_9' title="bbox 0 0 1630 5217">
    <p class='ocr_par' dir='ltr' id='par_1_9' title="bbox 0 0 1630 5217">
     <span class='ocr_line' id='line_1_37' title="bbox 0 0 1630 5217; baseline 0 0"><span class='ocrx_word' id='word_1_363' title='bbox 0 0 1630 5217; x_wconf 95' lang='lat' dir='ltr'> </span> 
     </span>
    </p>
   </div>
  </div>
 </body>
</html>
