3250 5217
669 530 717 591 M.
744 530 781 591 A.
808 530 989 594 PLAUTI

345 732 482 807 Omnes
507 733 673 806 videntur
698 735 795 819 seire,
820 747 856 808 et
881 762 939 809 me
964 738 1152 835 benignius

346 857 482 932 Omnes
509 858 677 944 salutant,
705 885 810 957 quam
837 860 1041 935 salutabant
1066 863 1185 959 prius3

344 984 511 1067 Adeunt,
536 986 745 1070 consistunt,
772 987 983 1083 copulantur
1007 988 1193 1074 dexteras3

343 1108 525 1207 Rogitant
537 1134 605 1194 me,
624 1122 665 1183 ut
676 1111 825 1196 valeam-,-
843 1112 930 1209 quid
942 1138 1058 1209 agam,
1073 1114 1159 1210 quid
1171 1140 1287 1187 rerum
1302 1140 1432 1211 geram.

347 1233 464 1318 Nunc,
491 1261 560 1331 quo
585 1233 761 1331 profectus
788 1262 877 1322 sum,
903 1239 983 1325 ib03
1010 1252 1089 1336 post
1114 1239 1241 1313 itidem
1264 1240 1407 1312 domum

348 1359 413 1430 Me
438 1384 589 1444 rursum,
617 1371 791 1456 quantum
817 1374 949 1457 potero,
977 1373 1116 1436 tantum
1145 1364 1325 1460 recipiam.
1395 1378 1434 1429 80

620 2062 727 2126 ACT.
755 2062 803 2123 11.
854 2062 1005 2125 SCENA
1035 2062 1062 2124 1.

619 2290 796 2339 EUNOMIA.
831 2288 1062 2340 MEGADORUS.

247 2472 322 2545 Eu.
344 2471 467 2545 Velim
495 2483 530 2545 te
554 2472 728 2557 arbitrari,
754 2497 812 2545 me
838 2471 912 2545 haeo
935 2474 1051 2557 verba,
1077 2472 1196 2557 frater,

350 2594 443 2668 Meae
469 2593 552 2667 fidei
578 2605 718 2692 tuaeque
744 2596 795 2667 rei
822 2620 926 2668 eausa
950 2593 1074 2679 faeere,

346 2721 405 2795 Ut
429 2745 564 2818 aequom
590 2732 644 2794 esi
668 2743 872 2819 germanam
899 2745 1061 2795 sororem.

344 2848 573 2944 Quamquam
596 2812 919 2932 hammum,
944 2872 1008 2919 nos
1032 2846 1169 2920 odiosas
1192 2844 1336 2920 haberi:

344 2972 440 3047 Nam
465 2974 621 3046 multum
645 2972 808 3070 loquaces
834 2974 962 3045 merito
985 2998 1106 3046 omnes
1133 2971 1316 3057 habemur,
1398 2988 1435 3040 85

291 3236 310 3263 v.
323 3225 352 3269 77.
379 3224 486 3273 copulant,
501 3223 528 3261 Η.
542 3226 559 3261 1.
576 3223 599 3261 B.
611 3224 629 3261 i.
644 3224 668 3261 Δ.
683 3223 715 3261 vei
726 3233 752 3262 ex
765 3222 868 3271 interpret
880 3222 914 3261 vei
924 3232 992 3261 more
1002 3226 1049 3261 orto
1058 3230 1084 3261 ex
1097 3222 1196 3271 ecripmre
1206 3226 1311 3262 conum
1321 3214 1366 3259 τοῦ
1378 3234 1438 3273 oopu-

244 3291 324 3335 ianiur,
339 3299 385 3337 quie
397 3289 460 3327 estin
474 3288 501 3326 H.
514 3289 609 3332 6.--7a.
622 3288 659 3325 Bo.
670 3288 776 3336 porcum
788 3287 851 3325 uodo.
864 3286 931 3325 nonni
941 3296 1013 3325 omnes
1023 3291 1060 3325 eut
1068 3287 1115 3335 poet
1128 3286 1204 3332 wem,
1219 3290 1256 3324 aut
1263 3289 1311 3334 poet
1321 3287 1387 3329 m,-
1399 3298 1438 3326 nee

244 3363 327 3391 cauam
342 3351 401 3391 video
415 3352 463 3390 satie
477 3351 571 3389 idoneam
587 3361 624 3390 cur
634 3361 705 3389 conum
717 3350 827 3389 auctoritas
841 3350 864 3388 in
875 3360 897 3388 re
912 3350 949 3388 teli
962 3350 1151 3398 sperniscon—al.
1164 3349 1190 3387 In
1207 3350 1247 3389 beo
1257 3361 1317 3389 scena
1328 3362 1396 3389 verm
1411 3352 1438 3390 ed

245 3417 315 3456 Bothii
330 3420 411 3455 textum
426 3415 517 3460 exhibui,
533 3415 626 3463 quemvis
640 3424 707 3462 neque
720 3414 776 3459 huic,
792 3424 859 3462 neque
873 3414 912 3452 ulii
926 3412 962 3451 alii
975 3423 1038 3461 quun
1052 3412 1094 3450 vidi
1109 3412 1177 3451 adbuc
1188 3417 1301 3451 menbrum
1314 3414 1438 3452 ordmetioni

244 3480 358 3519 mnam.
383 3478 436 3515 cum
452 3486 500 3515 vero
514 3478 568 3516 varie
583 3477 694 3516 exhibeant
709 3477 772 3516 Oodd.
789 3482 811 3517 et
825 3476 916 3523 editores,
933 3481 1034 3525 quotquot
1050 3481 1104 3521 sunt,
1121 3486 1160 3514 nec
1174 3475 1213 3514 eibi
1227 3486 1266 3515 nec
1280 3476 1325 3516 eliis
1340 3477 1438 3516 hammus

245 3547 345 3589 constent,
364 3542 426 3581 satius
440 3541 491 3579 duxi
506 3541 581 3579 horum
597 3540 774 3579 lucubrationibus
788 3540 886 3585 insistere,
906 3549 969 3588 quani
987 3549 1044 3578 mene
1058 3549 1140 3587 quoque
1155 3549 1231 3578 erronee
1248 3541 1351 3579 erroribus
1367 3540 1438 3580 alienia

245 3606 337 3655 adjicere.
362 3604 452 3642 uenum
463 3606 532 3641 autem
544 3607 574 3642 et
584 3602 712 3648 scaenicum,
726 3602 850 3641 inennrxtn
861 3602 951 3641 veranus
961 3602 1036 3641 ronna
1045 3605 1066 3639 e
1075 3601 1291 3649 impastam-ae.
1304 3603 1348 3643 ao:
1357 3590 1438 3651 mbo

173 3682 174 3685 ¹
244 3669 278 3708 tio
292 3668 329 3707 rei.
346 3666 382 3705 sed
397 3669 454 3704 ortua
467 3670 498 3703 eet
517 3666 551 3703 bio
568 3675 594 3703 ex
607 3675 674 3703 enare
690 3664 825 3710 bannorum,
844 3665 879 3712 qui
896 3674 944 3702 oum
960 3663 1048 3702 formam
1065 3666 1191 3701 contractam
1206 3653 1251 3698 τοῦ
1263 3664 1306 3702 baee
1318 3673 1376 3702 versu
1388 3673 1438 3711 pre

245 3728 325 3767 cedenti
340 3727 461 3771 invenirent,
478 3735 516 3764 nec
530 3726 604 3764 scirent
619 3730 688 3764 utrum
704 3726 753 3772 baec,
773 3726 806 3763 vel
821 3727 863 3770 boo,
885 3725 917 3763 vel
932 3724 1000 3764 somn
1015 3724 1054 3770 iic,
1070 3722 1199 3772 significata
1219 3724 1263 3764 bae
1277 3725 1360 3773 quiden
1378 3724 1438 3773 plane

245 3792 351 3839 dedenunt,
369 3790 439 3830 addito
453 3789 479 3828 ad
495 3790 570 3829 calcem
585 3800 659 3835 rmus,
676 3791 707 3828 cel
721 3791 749 3835 iv,
765 3799 800 3827 eeu
814 3791 845 3827 vel
857 3790 987 3830 boen-eben
1000 3792 1070 3827 eum
1084 3786 1171 3827 omniuo
1185 3798 1199 3827 a
1214 3788 1237 3826 R
1252 3790 1268 3827 1.
1293 3789 1319 3827 ln
1334 3790 1354 3827 Δ
1365 3788 1438 3837 legitur

245 3854 306 3902 plane
317 3857 338 3893 bv
350 3854 449 3902 verbosi.
462 3853 517 3899 m-s.
530 3856 610 3901 tuoeqoe
621 3852 697 3891 relico
708 3854 785 3891 uelboo
797 3851 929 3890 consulu
941 3851 995 3889 Η.6.
1007 3855 1029 3890 et
1040 3851 1062 3889 0.
1076 3852 1250 3899 tumr-eibos.

286 4059 332 4119 78.
377 4052 416 4110 Ui
433 4050 572 4129 ualeam]
614 4050 713 4107 ‘How
729 4050 742 4106 l
758 4048 815 4106 do!
907 4054 954 4107 85.
989 4047 1117 4105 Multum
1126 4045 1289 4126 mosacen]
1309 4041 1437 4102 Multum

246 4148 330 4220 Quid
343 4167 439 4225 agam,
458 4146 609 4225 quomodo
624 4166 672 4204 me
685 4164 796 4224 geram.
866 4164 923 4223 pro
944 4146 1039 4205 valde.
1083 4146 1165 4205 Hine
1189 4156 1255 4203 orta
1268 4169 1270 4183 ¹
1281 4153 1327 4201 est
1347 4144 1437 4202 lectio

284 4276 324 4288 -
365 4238 546 4305 Quidrerom
554 4242 684 4319 geram]
706 4240 817 4299 ‘What
865 4238 1436 4324 multiloquaces,(quamprobat(lnun.)

247 4337 323 4395 Iam
337 4336 448 4393 about!
489 4336 586 4411 Supra
602 4343 647 4394 15.
866 4334 1033 4413 eedaperte
1046 4356 1083 4394 ex
1096 4336 1232 4412 glossem.
