3250 5217
283 557 348 619 124
686 560 999 623 GLOSSARIUM

274 756 323 804 tus
339 746 442 825 jocum
463 750 622 827 captavit..
633 750 701 809 ..de
722 752 788 822 ista,
808 772 876 829 quae
896 752 958 811 sola
975 753 1052 811 inter
1071 753 1199 831 grandes
1217 763 1250 813 et
1270 754 1415 812 Romanas

272 858 338 917 illas
354 859 466 920 litteras
485 862 567 940 (nam
587 862 633 930 hae
653 863 775 921 minutae
795 863 867 921 olim
887 863 1011 943 ignotae)
1032 884 1121 943 super
1141 874 1261 923 coeteras
1280 862 1414 933 eminuit,

273 982 304 1030 et
326 972 421 1033 forma
445 974 510 1054 ipsa
527 975 664 1055 pennlem
683 975 816 1055 pretulit
839 997 875 1039 ac
893 985 1064 1055 porrectam.
1105 977 1173 1037 Hac
1193 979 1296 1038 eadem
1315 986 1414 1037 mente
1452 1030 1454 1037 .

273 1085 432 1158 Ausonius,
453 1087 560 1167 Epigr.
583 1096 647 1147 120.
669 1088 701 1146 in
720 1087 922 1167 ligurritorem
938 1089 1059 1148 Eunum
1078 1090 1205 1169 scripsit,
1227 1089 1338 1165 “Quid
1357 1089 1412 1147 im-

271 1198 367 1277 perite
389 1199 415 1257 P
437 1212 525 1279 putas
544 1202 587 1260 ibi
609 1201 764 1280 scriptum,
789 1201 850 1261 Ubi
873 1202 964 1261 locari
982 1202 1060 1262 lora
1080 1203 1219 1269 convenit
1240 1202 1412 1263 noneun?”

274 1309 351 1367 Nam
364 1311 515 1391 mapeadio
529 1323 629 1372 censet
641 1334 710 1372 enm
727 1312 885 1391 dignum.“
924 1314 1044 1383 Videsis
1059 1316 1180 1376 Funcc:
1202 1318 1250 1376 De
1268 1317 1333 1378 Vir.
1351 1316 1411 1375 AEt.

271 1420 359 1498 Ling-
380 1422 445 1482 Lat.
467 1425 540 1503 Cap.
554 1424 646 1485 VIII.
667 1424 691 1500 ξ.
706 1443 750 1483 rx.

324 1588 371 1651 39·
419 1571 679 1667 obstruxere]
721 1581 819 1645 Stati
833 1583 915 1645 bave
931 1584 1006 1645 tien
1038 1588 1200 1649 lunares.
1220 1588 1409 1683 Ampheor.

270 1702 549 1781 “Amphitruonem
568 1702 638 1762 eollo
656 1704 727 1764 hinc
745 1703 879 1763 obstricto
898 1704 1038 1764 traham?

322 1868 370 1922 40.
417 1848 624 1941 Desectam]
668 1858 800 1927 Senes.
849 1865 930 1934 Non,
963 1884 1027 1943 cap.
1051 1864 1105 1923 v1.
1132 1871 1179 1930 37.
1218 1860 1408 1941 ”1)ς[ιεοαία,
1534 1912 1537 1921 .

267 1982 365 2045 omnia
376 2002 452 2060 pura
464 1993 495 2041 et
506 1982 665 2053 inturbata,
682 1993 713 2042 et
730 1982 793 2043 sine
807 1982 945 2053 sordibus
957 2002 1115 2061 possumus
1128 1982 1236 2053 dicere,
1257 1992 1293 2041 ut
1304 1982 1407 2041 vinum

265 2093 328 2151 sine
347 2070 500 2153 feecibus“
540 2093 643 2153 Gnon.
663 2093 746 2153 Lect.
767 2093 864 2154 Plaut
884 2095 954 2155 citat
974 2095 1106 2153 Macrob.
1126 2093 1226 2154 Somn.
1248 2094 1326 2173 Scip.
1340 2094 1366 2155 1.
1380 2101 1407 2154 8.

265 2212 286 2239 “
296 2204 421 2283 Purgati
437 2206 500 2284 jam
513 2203 697 2285 dp‘oecatiqse
710 2204 809 2276 animi,
828 2215 858 2265 et
875 2207 912 2265 ab
926 2206 1006 2265 omni
1024 2206 1128 2265 mundi
1143 2206 1234 2286 hujus
1251 2207 1407 2286 aspergIne

264 2319 367 2399 pressi,
387 2338 523 2397 pureque
544 2317 679 2378 detersi.’'
719 2318 806 2378 Nost.
829 2320 916 2380 Most
933 2328 997 2381 154.
1038 2320 1120 2378 “Me
1134 2340 1201 2380 rear
1220 2340 1283 2380 esse
1293 2320 1405 2400 defica-

263 2437 347 2493 tam.''
389 2433 495 2493 Pseud.
509 2431 575 2499 760.
616 2431 802 2511 “Quidquid
819 2434 924 2494 incerti
944 2416 986 2492 mi
1006 2435 1039 2493 in
1056 2434 1155 2493 animo
1171 2435 1256 2513 prius
1273 2445 1325 2493 aut
1344 2455 1406 2494 am-

262 2549 385 2627 biguom
406 2548 474 2616 fuit,
498 2547 586 2604 Nunc
608 2545 713 2623 liquet,
735 2566 817 2606 nnnc
836 2546 993 2625 deffecatum
1015 2550 1085 2606 est''
1126 2548 1212 2605 Mart.
1236 2546 1404 2625 Ep.V111.

261 2680 324 2719 xiv.
338 2668 366 2719 4.
406 2656 506 2717 “Sine
520 2656 602 2735 fece
627 2655 706 2715 diem
715 2659 743 2727 ;”
767 2678 824 2735 pro
849 2658 898 2717 die
925 2659 987 2718 sine
1007 2660 1086 2729 nive,
1110 2659 1222 2737 pluvia,
1248 2660 1403 2737 grandine,

260 2782 292 2833 et
316 2770 376 2829 illis
397 2789 465 2847 quse
487 2766 637 2846 liquidum
656 2766 732 2825 aeris
753 2769 940 2828 conturbant.
980 2768 1056 2827 Haec
1078 2768 1145 2827 ille:
1173 2762 1283 2846 quibus
1303 2766 1403 2839 addas,

261 2883 319 2943 Os.
342 2882 417 2941 Met.
435 2879 461 2947 I.
483 2879 530 2940 68.
571 2885 591 2913 “
601 2876 776 2954 Liquidum,
803 2888 835 2937 et
856 2878 1002 2956 gravitate
1024 2888 1171 2937 carentem
1190 2876 1322 2946 AEthera,
1348 2896 1403 2936 nec

260 2996 426 3075 quidquam
449 3001 569 3067 terream
577 2990 670 3070 fecis
689 2991 875 3051 habentem.''
901 2993 920 3051 i.
935 3014 960 3053 e.
978 2992 1166 3072 impuritatis.
1208 2992 1291 3051 Nost
1314 2991 1402 3070 Epid.

258 3088 325 3170 632.
365 3106 495 3165 “Animo
513 3102 621 3183 liquido
640 3114 671 3163 et
690 3102 851 3181 tranquillo
869 3107 927 3163 es.''
967 3105 1075 3164 Pseud.
1096 3104 1161 3165 226.
1203 3103 1354 3182 “Liquido
1371 3124 1402 3163 es

256 3217 376 3292 animo?
395 3216 425 3291 h.
439 3236 465 3275 e.
484 3215 644 3293 ”Purgato
662 3213 804 3273 molestiis
822 3224 853 3272 et
874 3214 1028 3273 liberato.“
1056 3214 1134 3272 con.
1149 3211 1208 3270 Ms.

310 3366 357 3417 42.
405 3342 544 3435 Serva]
591 3360 652 3418 Pro
679 3358 796 3418 custodi.
838 3357 911 3416 Cist.
936 3364 1000 3417 105.
1041 3355 1158 3414 “Hanc
1181 3354 1259 3413 sinas
1285 3372 1401 3413 servare

253 3480 335 3560 apud
365 3480 441 3537 me.''
474 3477 493 3536 i.
509 3498 534 3536 e.
564 3476 704 3536 custodis
730 3487 830 3556 partes
856 3495 952 3554 agere.
993 3473 1054 3550 (To
1080 3474 1156 3551 keep
1182 3472 1299 3551 house.)
1341 3471 1399 3531 Ov.

255 3592 327 3651 Met.
349 3589 375 3649 Ι.
396 3588 462 3650 684.
504 3588 711 3665 “Junctisque
732 3588 865 3647 canendo
885 3588 1012 3646 Vincere
1034 3585 1229 3645 arundinibus
1252 3583 1398 3644 seruantia

254 3702 368 3760 lumina
387 3701 508 3759 tentat''
550 3697 707 3778 (Keeping
725 3698 846 3777 guard.)

306 3872 354 3936 44,
401 3851 517 3949 Apud
533 3845 628 3940 non]
671 3856 715 3918 In
730 3876 794 3918 our
810 3857 917 3919 house.
963 3862 1060 3941 Supra
1074 3868 1118 3919 12.
1160 3861 1242 3919 Infra
1255 3861 1321 3931 296.

308 4044 357 4053 -
403 3999 571 4092 Quoesti]
603 4011 700 4070 Vetus
712 4013 863 4090 genitivus
876 4034 932 4093 pro
945 4021 1076 4095 questus.
1097 4012 1181 4071 Infra
1194 4011 1260 4079 678.
1285 4010 1396 4071 Gemita'.

251 4130 316 4186 Cas.
330 4136 388 4195 427
396 4151 406 4199 ;
420 4140 451 4188 et
465 4129 553 4207 Epid.
571 4136 644 4199 1823
667 4129 777 4200 Senati,
791 4151 848 4210 pro
862 4132 996 4191 Senatus.
1010 4135 1063 4193 &c
1105 4133 1231 4202 Nonius,
1245 4152 1309 4210 cap.
1323 4152 1397 4191 vni.

247 4240 326 4297 inter
346 4238 403 4297 aiia
421 4241 500 4310 citat,
527 4241 603 4300 Victi
618 4262 675 4320 pro
692 4241 801 4308 effetam
821 4242 887 4301 cesti
902 4264 958 4321 pro
976 4253 1062 4303 cestus
1070 4266 1083 4311 ;
1106 4243 1232 4321 sumptir
1253 4242 1375 4303 exerciti
1381 4266 1396 4309 ,·

246 4349 376 4429 adaperti
384 4372 398 4415 ,·
420 4350 510 4419 luert-
532 4352 601 4412 salti
610 4375 624 4420 ,·
642 4353 735 4433 parti,
756 4372 812 4432 pro
829 4362 944 4433 partus.
