3250 5217
570 603 622 665 IN
647 604 993 669 AULULARIAM.
1278 608 1340 669 141

205 809 238 847 re
265 791 313 849 vel
338 792 446 851 verbis.
461 794 598 852 occurrit.
639 796 720 854 Men.
743 803 809 855 338.
850 793 958 853 Bacch.
981 792 1064 853 1086.
1106 802 1126 827 “
1137 792 1215 858 Quid
1240 794 1291 852 hoe
1311 801 1352 851 est

206 902 336 979 negotii?
357 922 436 973 nam,
458 905 574 974 amabo,
596 906 649 984 qui
668 906 722 965 has
742 927 812 965 oves
832 906 892 965 huc
913 905 1053 983 adegit?''
1074 908 1127 965 &e

259 1056 325 1116 256.
373 1049 623 1144 Eradlcarier.]
674 1058 801 1138 Ulterly
818 1058 947 1120 ruined.
995 1064 1154 1133 Funditus,
1168 1075 1199 1123 et
1212 1063 1353 1123 radicitus

205 1176 357 1253 perditum
374 1198 446 1237 esse.
487 1180 655 1239 Transletio
672 1184 710 1241 ab
727 1181 883 1240 arboribus
901 1181 1064 1240 eradicatis.
1106 1182 1152 1240 Ita
1169 1183 1277 1241 Lnuu:
1298 1184 1352 1262 qui

204 1288 276 1347 citet
296 1290 364 1347 Ter.
385 1289 495 1348 Heaut
518 1291 578 1350 III.
598 1311 649 1349 111.
670 1299 717 1351 28.
759 1292 839 1349 “Dii
859 1300 890 1349 te
910 1290 1082 1349 eradicent?

258 1453 325 1512 257.
373 1434 543 1535 Tigillo]
588 1451 665 1511 Vide
686 1451 771 1510 Nott
812 1450 864 1509 Fit
883 1471 901 1508 e
918 1449 1045 1527 tignum
1065 1459 1100 1508 ut
1116 1447 1241 1528 sigillum
1258 1472 1275 1508 a
1292 1452 1352 1529 sig-

203 1587 297 1638 num;
318 1566 448 1627 lucellum
469 1590 487 1627 a
508 1569 626 1629 lucrum
636 1592 646 1639 ς
668 1579 699 1627 et
722 1568 820 1626 simili.
861 1566 949 1625 Unde
973 1565 1110 1645 Tigillum
1134 1567 1290 1636 Sororium,
1315 1568 1353 1626 de

204 1699 265 1757 quo
288 1678 406 1749 Festus,
428 1700 459 1759 p.
477 1689 540 1749 192.
581 1682 730 1739 Caeterum
751 1680 848 1739 Gloss.
871 1680 944 1738 Cod.
966 1680 1007 1737 H.
1021 1681 1049 1740 6.
1071 1679 1151 1748 citet,
1174 1678 1351 1757 ”Tegillum

204 1790 418 1850 diminutivum
431 1814 449 1850 a
462 1790 570 1870 tegula,
584 1793 674 1851 trabs.
694 1792 835 1871 Papias.“
862 1792 902 1849 Et
915 1792 957 1850 sic
971 1790 1075 1849 Isidor.
1087 1790 1171 1867 Orig.
1185 1790 1252 1848 Lib.
1265 1789 1352 1848 XIX.

204 1920 228 1957 e.
242 1918 273 1956 x.
314 1902 331 1922 ’'
346 1899 465 1979 Teguloe
485 1912 609 1969 vocatae,
632 1900 714 1979 quod
735 1911 838 1978 tegant
859 1900 1117 1979 aedes3....cujus
1141 1900 1352 1959 diminutivum

204 2007 362 2087 tigillum.“

256 2167 323 2219 258.
372 2151 541 2243 Follem.]
584 2159 614 2221 Α
630 2161 778 2222 leutherii
794 2159 868 2243 bag·
913 2165 1100 2243 Marsupium
1124 2186 1161 2224 ex
1181 2166 1258 2243 pelle
1280 2186 1352 2224 oon·

201 2284 323 2349 fectum,
344 2281 523 2361 plerumque
540 2282 579 2341 ad
591 2282 750 2361 pecuniam
767 2280 940 2340 servandam
960 2288 1136 2359 usurpatum
1144 2304 1154 2351 ,·
1175 2291 1210 2340 ut
1228 2282 1261 2341 in
1279 2281 1352 2341 Juv.

204 2393 264 2452 Sat.
278 2391 371 2481 XIII.
386 2393 433 2453 61.
475 2393 536 2451 “Si
554 2394 660 2452 reddat
673 2402 805 2452 veterem
822 2412 890 2451 curn
903 2402 966 2451 tota
978 2392 1111 2470 oerugine
1118 2390 1250 2471 follem.’'
1289 2392 1352 2465 Qui

203 2527 305 2566 sensus
332 2526 404 2565 vero
429 2505 479 2565 hie
504 2508 604 2566 Iocum
624 2528 684 2566 uon
706 2508 806 2577 habet,
834 2512 903 2565 iram
926 2518 972 2566 est
993 2507 1165 2585 simpliciter
1191 2505 1351 2586 hyperbole,

201 2641 292 2699 quam
312 2640 439 2698 sequens
459 2641 563 2680 versus
581 2621 670 2699 plene
690 2631 720 2681 et
739 2620 865 2679 ridicule
884 2620 1019 2698 explieat

254 2775 322 2835 260.
373 2768 561 2859 obturat]
607 2774 641 2837 F
640 2780 733 2836 asten
755 2794 813 2855 up.
861 2782 986 2840 Ducunt
1019 2781 1138 2862 adipe.
1187 2783 1258 2841 Cist.
1283 2791 1350 2851 287.

204 2897 316 2956 “Illaeo
336 2898 422 2957 Forti
442 2899 577 2957 Fortuna
595 2898 702 2956 fortius
722 2899 822 2956 Aures
841 2895 981 2956 0621ναί.η

264 3089 314 3101 -
369 3042 595 3135 Gutturem]
638 3056 731 3116 Hunc
747 3057 847 3115 Iocum
863 3058 980 3135 profert
997 3058 1122 3127 Nonius,
1144 3058 1253 3118 docens
1266 3067 1349 3117 vete·

199 3172 283 3231 ribus
310 3174 453 3232 usitatum
473 3173 566 3232 fuisse
584 3181 689 3251 guttur
709 3173 742 3231 in
763 3194 832 3251 gen.
860 3173 1017 3233 masculino
1039 3186 1069 3234 et
1093 3185 1207 3234 neutro.
1247 3176 1351 3234 [ΑΜΒ.

201 3285 249 3343 Ita
267 3285 356 3344 etiam
377 3285 556 3353 Priscianus,
577 3284 624 3341 all.
644 3284 709 3343 h.t
730 3305 820 3363 quem
840 3284 912 3343 citat
933 3285 1029 3343 Gloss.
1050 3286 1122 3345 Cod.
1144 3286 1185 3344 H.
1200 3286 1242 3345 6.·
1278 3356 1283 3367 ¹

256 3440 323 3500 261.
371 3433 567 3505 Talentum
600 3429 801 3531 magnum]
829 3444 888 3541 ΙΗ.
904 3466 928 3503 e.
973 3444 1107 3505 Atticum.
1148 3446 1235 3525 Saepe
1262 3468 1350 3507 usur·
1396 3474 1397 3477 ¹

199 3562 284 3639 pavit
305 3563 422 3631 Noster,
444 3561 569 3621 sednon
588 3563 702 3631 eodem,
723 3573 758 3621 ut
770 3562 900 3631 videtur,
922 3562 1034 3640 ubique
1053 3583 1148 3621 sensu.
1189 3563 1269 3623 Vide
1282 3585 1351 3642 quae

199 3674 231 3731 in
251 3694 323 3733 voce
344 3674 420 3731 dixit
438 3673 528 3731 Froc.
550 3673 620 3731 etsi
640 3674 695 3742 vis,
717 3693 792 3750 quos
809 3673 853 3731 ibi
873 3673 911 3732 de
928 3693 960 3731 re
977 3674 1143 3733 nummaria
1160 3674 1262 3734 citavit
1281 3695 1349 3734 auc·
1404 3670 1407 3677 ’

199 3796 286 3845 tores·
328 3785 399 3844 cist.
420 3794 487 3856 291.
528 3786 626 3844 “Tibi
650 3785 759 3848 talento
786 3806 894 3864 magno
919 3786 1026 3867 viginti
1052 3797 1137 3865 peter
1163 3787 1224 3846 Det
1246 3788 1351 3847 dotis.’'

201 3897 290 3955 Cure.
305 3895 351 3955 64.
392 3897 504 3955 “Alias
517 3917 565 3957 me
578 3897 675 3975 poscit
687 3896 812 3972 triginta
824 3896 928 3965 minas,
943 3897 1026 3955 Alias
1040 3896 1176 3955 talentum
1189 3902 1350 3977 magnum.’'

204 4009 333 4068 Mostell.
347 4009 415 4069 623.
436 4012 491 4067 &o

261 4196 312 4208 -
368 4144 547 4237 Poiessa]
595 4161 722 4239 Antiqu.
746 4181 913 4241 proposse.
953 4161 1078 4221 Confert
1103 4162 1215 4222 Noster
1239 4164 1348 4237 Hrnn,

202 4273 292 4357 Epid.
312 4279 354 4337 II.
374 4297 410 4335 11.
429 4286 476 4337 43.
497 4278 582 4355 [220.
597 4278 653 4357 Β.]
694 4278 765 4337 “At
777 4278 908 4339 tributus
929 4299 1019 4357 quom
1040 4279 1203 4359 imperatus
1220 4294 1273 4354 est,
1295 4305 1349 4344 ne·

201 4404 273 4470 gant
293 4392 385 4473 pendi
406 4395 542 4471 potesse.'’
588 4411 592 4417 ’
