3250 5217
664 577 966 643 Auruncum.
1356 579 1398 661 7⁵

317 777 384 850 Sin
406 776 505 849 donn
558 788 593 851 t:
619 780 672 852 ita
696 778 876 865 dormitet,
902 804 1034 853 servom
1061 804 1135 853 sese
1158 791 1200 853 ut
1222 783 1363 877 cogitet.

317 904 413 978 Nam
440 907 502 1003 qui
526 910 662 981 amanti
687 910 894 982 servitutem
921 907 1038 991 servit,
1064 907 1164 1003 quasi
1189 931 1254 1003 ego
1276 908 1398 993 servio,

320 1030 361 1103 Si
394 1030 518 1105 herum
551 1033 649 1107 videt
689 1059 851 1131 superare
895 1056 1059 1117 amorem,
1103 1030 1169 1105 hoc
1202 1034 1291 1106 servi
1325 1059 1398 1106 esse

463 1158 616 1240 officium
641 1181 737 1232 reor:
1080 1154 1083 1159 ’

317 1280 488 1355 Retinere
507 1281 551 1355 ad
568 1282 742 1368 salutem3
765 1307 837 1356 non
853 1308 946 1367 eum,
969 1307 1038 1378 quo
1059 1281 1252 1365 incumbat,
1275 1305 1315 1353 eo
1332 1282 1398 1353 im-

463 1404 604 1503 pellere.
1341 1420 1398 1482 549

315 1529 430 1616 Quasi
447 1533 575 1627 pueris,
597 1533 658 1630 qui
674 1558 759 1605 nare
776 1531 929 1617 discunt,
952 1530 1282 1643 scirpepjnducitur
1299 1445 1603 1627 law

316 1653 411 1742 [Qui
439 1656 599 1729 laborent
631 1658 760 1741 minus,
796 1655 934 1730 facilius
960 1668 1002 1728 ut
1032 1667 1131 1741 nent,
1168 1666 1204 1729 et
1233 1664 1398 1727 moveant
1461 1756 1465 1763 ἢ

461 1805 587 1853 manus
600 1785 626 1871 t]
651 1843 679 1864 .,

262 1954 333 1991 utto
358 1952 1160 1993 lnssmvenetneoenttmencoseeutemcodihabentsiodomu:
1178 1952 1399 1999 ammonitici

213 2016 234 2053 et
244 2015 275 2053 tta
285 2015 377 2055 domici.
401 2017 427 2062 A,
439 2020 461 2055 et
471 2017 498 2055 Η.
508 2019 525 2063 1,
537 2017 653 2057 hohentito
663 2018 759 2063 mm,
774 2017 817 2065 (sed
827 2016 850 2055 in
860 2017 888 2055 Η.
898 2018 914 2063 1,
928 2016 1186 2065 estdonnttetcorngentis
1196 2026 1258 2055 manu
1268 2016 1396 2065 repositum.)

214 2078 300 2121 ——ctz
314 2078 368 2117 tiss.
382 2090 458 2126 omnes,
472 2084 545 2128 preter
558 2080 583 2118 R
592 2082 610 2126 2,
622 2080 699 2119 habent
709 2080 790 2119 amanti·
802 2080 863 2121 iero.-
877 2084 898 2119 et
911 2079 940 2118 iu
954 2080 1003 2117 Edi.
1019 2079 1075 2119 Vett.
1089 2089 1135 2127 qute
1145 2078 1163 2117 ci
1173 2079 1200 2117 sit
1210 2089 1258 2117 vera
1268 2079 1335 2125 lectio,
1349 2088 1397 2127 pro·

214 2140 352 2180 nuntiandum
365 2147 397 2182 est
408 2144 527 2190 rantum,
543 2145 623 2184 sublata
637 2144 703 2183 vocali
715 2144 735 2189 ἐς
754 2144 789 2182 sed
804 2153 852 2182 cum
868 2142 965 2182 facillime
978 2146 1045 2192 poten
1058 2143 1111 2181 illud
1123 2144 1171 2182 iero
1187 2152 1230 2181 esse
1244 2154 1270 2181 ex
1283 2142 1398 2191 interpretis

214 2211 284 2249 manu,
297 2206 343 2253 post
350 2204 448 2243 Bothium
458 2206 524 2252 omisi,
536 2206 647 2253 presertim
657 2215 705 2243 cum
716 2205 769 2243 absit
779 2204 848 2243 acori.
858 2205 883 2243 it
892 2205 997 2243 n-cta
1011 2203 1087 2242 Omnes
1098 2204 1171 2252 scripti
1181 2208 1202 2243 et
1209 2202 1277 2243 Nostr.
1288 2207 1310 2242 et
1318 2202 1394 2242 V'mdd.

213 2266 302 2307 retinent
313 2269 390 2313 herum,
403 2272 424 2307 ct
434 2268 464 2307 sic
476 2268 513 2307 nu
524 2268 590 2307 Pn'nc.
603 2279 650 2307 cim
661 2268 707 2307 aliis
714 2267 769 2307 vat
782 2268 846 2316 icintr
856 2268 909 2307 hanc
916 2278 987 2307 vocem
998 2268 1048 2307 nolo
1059 2267 1133 2307 iterum
1144 2278 1192 2306 cum
1200 2266 1275 2307 Bothio
1281 2266 1399 2312 eriminum

214 2328 357 2376 pronuntiaud.
370 2330 439 2369 s'ram
450 2332 509 2377 nidd,
522 2330 625 2369 etc-Pro
634 2340 680 2377 cccc,
693 2331 754 2370 hahet
765 2331 788 2376 0,
800 2333 835 2377 eet,
848 2330 882 2369 sed
894 2329 945 2368 illud
956 2330 1122 2369 melius-tm.
1136 2330 1228 2376 rmum,
1241 2328 1268 2367 H.
1279 2330 1296 2367 1.
1306 2330 1327 2367 G.
1340 2340 1398 2367 m-

213 2391 417 2441 doce-comme,
430 2394 456 2431 R.
464 2395 569 2432 a-ttn
583 2394 660 2439 Pueri,
673 2393 706 2433 Ita
716 2396 804 2442 quawor
813 2397 894 2433 tantun
906 2393 973 2433 Noctr.
986 2393 1048 2433 cocu
1063 2393 1098 2442 (Η.
1107 2395 1124 2431 l.
1133 2395 1151 2430 t
1165 2393 1188 2431 B.
1198 2394 1214 2430 1.
1228 2392 1251 2430 R
1260 2394 1288 2437 a.)
1308 2392 1399 2441 Reliqui»

212 2456 282 2503 ptoert',
296 2456 351 2504 quod
367 2460 419 2495 esset
429 2443 608 2500 dvorolovflou5
620 2459 641 2493 et
651 2454 681 2494 ita
694 2454 742 2494 tlt
757 2459 779 2494 et
794 2454 861 2493 Parm.
887 2454 939 2493 Turn
955 2455 1068 2501 inducitur,
1085 2466 1157 2493 omnes
1168 2459 1189 2494 et
1202 2454 1270 2494 Noetr.
1286 2460 1307 2495 et
1319 2455 1395 2495 Vindd.

214 2523 287 2567 praeter
302 2520 323 2565 0,
339 2519 377 2558 ubi
390 2524 421 2559 est
431 2519 536 2559 *suatur
551 2518 632 2565 vitlem
647 2519 703 2567 quoti
717 2522 786 2557 tamen
798 2517 858 2555 facile
873 2520 941 2556 ortum
956 2517 982 2556 eit
996 2518 1023 2556 ab
1037 2518 1141 2564 muctar,
1162 2528 1208 2567 que
1222 2522 1253 2557 est
1268 2517 1329 2557 lectio
1343 2519 1398 2567 apud

214 2582 307 2621 tamnu.
319 2586 341 2621 et
351 2582 480 2621 Recentiores
490 2582 600 2621 nonnullas
610 2582 780 2631 Bitu-scimea
791 2585 866 2628 cutem,
881 2581 959 2620 duabus
971 2580 1114 2629 posterioribus
1127 2581 1230 2621 vocalibus
1241 2582 1265 2619 in
1275 2592 1339 2621 unam
1350 2581 1396 2629 syll.

212 2641 326 2687 conmotis,
338 2646 369 2680 est
379 2640 651 2690 pronuntient—6⁶14:
663 2640 741 2681 Locum
752 2642 775 2679 in
788 2640 859 2690 primis
868 2640 992 2689 exagitantur
1003 2639 1080 2688 optime
1090 2638 1217 2679 exhibiturus
1224 2640 1276 2678 mihi
1284 2640 1338 2679 vistis
1345 2650 1397 2679 sum»

212 2703 231 2743 si
245 2714 307 2752 quam
320 2705 413 2753 proxime
428 2704 543 2743 auctoritati
557 2704 656 2744 codicum
670 2704 788 2750 manwen,
804 2704 860 2742 salva
875 2702 937 2741 modo
952 2706 1064 2741 metrorum
1078 2702 1152 2751 regula
1177 2702 1240 2751 Apud
1255 2711 1331 2747 omnes,
1347 2711 1399 2749 quos

214 2768 263 2815 vidi,
280 2768 346 2807 codd:
361 2768 420 2807 nullu
427 2772 494 2807 exstet
504 2768 578 2807 lactina
593 2774 639 2817 post
650 2769 735 2807 verbum
747 2770 852 2815 mmm,
864 2766 926 2815 (quod
937 2766 959 2804 iu
971 2768 1056 2814 umque,
1069 2766 1119 2805 auos
1130 2771 1215 2813 cecutire,
1228 2776 1270 2806 non
1280 2765 1343 2805 invite
1355 2775 1399 2803 mu·

212 2829 261 2876 tavi,
274 2829 373 2878 siquidem
384 2831 440 2879 apud
453 2840 524 2869 ornnes
535 2830 578 2869 fere
587 2829 654 2869 codd:
672 2833 775 2869 contracte
789 2827 883 2867 scribitur
889 2828 903 2872 ς)
923 2831 947 2866 ut
959 2826 1054 2865 Lambini
1069 2828 1247 2876 interpolationem
1262 2827 1321 2865 nullo
1336 2826 1398 2865 modo

213 2894 284 2942 potiar.
309 2894 361 2932 ium
376 2894 472 2934 audcdor
487 2893 578 2940 Bothius,
592 2893 628 2941 qui
640 2903 721 2932 vernum
732 2891 838 2941 opn'mum·
846 2890 889 2939 [651
896 2890 917 2940 i]
935 2895 1006 2930 eontra
1018 2892 1112 2929 omnium
1124 2892 1248 2940 scriptorum
1259 2895 1281 2930 et
1292 2890 1398 2929 Editorum

213 2958 275 2997 tidem
286 2958 390 3008 expungit
415 2957 503 2998 Pessime
514 2957 583 2997 Goell:
599 2958 634 3006 qui
646 2968 694 2996 cum
708 2958 809 3002 lacunam,
826 2966 872 3004 quie
883 2955 941 2993 nulla
952 2959 982 2993 est
993 2955 1015 2993 in
1029 2955 1117 3004 Scriptis,
1133 2957 1233 3001 admittat,
1246 2960 1326 2995 ceterae
1339 2966 1398 2995 voces

213 3021 248 3061 hic
262 3022 304 3061 illic
317 3023 343 3061 ad
357 3022 440 3061 lihitttm
457 3021 580 3060 immutavit
609 3021 669 3066 Quod
683 3019 729 3059 dedi
744 3019 845 3057 levisnme
860 3028 872 3056 a
885 3016 963 3056 collatis
978 3026 991 3054 a
1006 3026 1040 3059 mc
1054 3016 1196 3066 Menmcriptis
1212 3016 1397 3063 inuenturum

213 3088 275 3137 igitur
288 3087 384 3126 lectiones
394 3086 483 3126 seriatim
492 3096 560 3136 opera
570 3086 609 3126 erit
622 3086 738 3125 dacrihem
751 3084 795 3133 [sci
801 3083 822 3132 l]
843 3083 876 3121 lta
889 3081 923 3119 liic
930 3090 998 3119 versus
1005 3086 1087 3129 apparet
1094 3081 1117 3118 in
1124 3081 1220 3121 omnibus
1227 3082 1289 3121 codd.
1298 3086 1319 3121 et
1326 3081 1394 3121 Nostr.

253 3230 318 3283 548.
357 3222 392 3281 Si
418 3222 517 3280 lterum
544 3221 618 3281 videt
640 3239 780 3299 superare
830 3236 890 3294 quo
910 3216 1021 3273 ineam
1040 3224 1154 3292 partem
1171 3216 1203 3272 ln
1221 3236 1310 3292 quam
1326 3235 1396 3293 pro·

213 3318 362 3396 amorem]
377 3316 780 3395 ‘lfheperceiveloveover-
830 3311 984 3377 cumbunt,
1011 3327 1102 3366 manu
1128 3308 1330 3386 impelluntur,
1355 3310 1397 3368 ita

213 3412 368 3490 powering
380 3411 461 3469 him.'
501 3410 535 3469 Si
553 3410 637 3470 videt
651 3429 781 3469 amorem
830 3415 865 3464 ut
877 3404 1043 3481 affligantur
1056 3404 1087 3462 in
1101 3415 1218 3464 terram.
1249 3406 1321 3465 Tale
1334 3406 1396 3465 l'ere

215 3508 286 3565 hero
308 3527 370 3566 esse
390 3506 564 3567 validiorem
583 3527 618 3565 ac
633 3506 780 3585 potentio-
831 3510 875 3559 est
890 3499 967 3557 illud
982 3498 1063 3577 apud
1082 3499 1124 3557 M.
1139 3498 1218 3558 Tull.
1236 3520 1292 3577 pro
1307 3499 1396 3557 Corn.

214 3624 286 3672 rem,
299 3603 384 3661 itaut
397 3603 486 3662 herus
502 3604 647 3673 vincatur,
666 3624 700 3663 ac
714 3624 781 3662 suc·
831 3604 917 3664 Balb.
937 3602 998 3662 rub.
1018 3602 1080 3663 init.
1122 3605 1228 3664 “Satis
1244 3616 1288 3664 est
1301 3606 1396 3663 homi-

214 3700 343 3757 cumbat.
375 3698 477 3757 LAMB.
529 3699 639 3757 Confer
659 3699 780 3758 Cuicul.
830 3721 883 3759 nes
909 3700 1109 3777 imprudentia
1132 3701 1228 3779 lapsos
1254 3720 1313 3757 non
1339 3701 1396 3759 eri·

214 3810 242 3847 v.
257 3796 284 3856 7.
304 3789 357 3848 ubi
375 3788 491 3859 herum,
511 3790 619 3848 amoris
632 3789 781 3849 violentiae
830 3815 918 3873 gere3
945 3814 1053 3871 urgere
1076 3814 1146 3852 vero
1163 3795 1321 3873 jacentem,
1345 3803 1397 3853 aut

215 3885 466 3955 succumbentem,
489 3885 529 3943 ad
558 3885 682 3944 sulutem
707 3886 778 3943 reti·
826 3886 1043 3968 proedpitcntcs
1069 3886 1220 3965 impellere,
1248 3897 1326 3945 certe
1352 3898 1398 3946 est

213 4000 284 4039 nere
304 3979 503 4057 nequicquam
522 4000 624 4039 servus
637 3989 768 4040 conatur.
828 3982 1050 4041 inhumanum.”
1082 3981 1186 4039 Lirin.
1220 3980 1302 4040 Huic
1314 3980 1396 4041 haud

253 4083 318 4146 549.
360 4073 423 4139 Quo
435 4074 587 4145 incumbat,
601 4078 675 4155 etc]
700 4077 777 4135 ‘To-
828 4077 983 4136 dissimiles
1000 4086 1069 4134 sunt
1080 4075 1202 4153 phrases
1213 4075 1281 4146 illa,
1294 4085 1314 4112 “
1321 4078 1396 4135 Cur-

213 4170 310 4229 wards
325 4171 372 4229 his
386 4190 454 4228 own
467 4170 656 4229 inclination?
696 4172 777 4231 Alle-
827 4182 941 4232 rentem
980 4171 1157 4248 instigare;'’
1193 4172 1395 4231 “currentem

213 4266 296 4342 goria
316 4276 370 4335 est,
395 4264 485 4323 ducta
503 4267 541 4324 ab
561 4265 606 4334 iis,
628 4267 679 4345 qui
699 4288 778 4326 casa·
828 4270 962 4328 hortatus
982 4270 1049 4336 es;''
1070 4277 1100 4327 et
1120 4268 1217 4327 simili.
1255 4269 1315 4329 Cic.
1332 4271 1395 4328 Att.

214 4359 317 4428 bundi,
339 4358 387 4416 vel
403 4358 526 4435 jamjam
544 4360 648 4429 casuri,
669 4362 706 4419 ab
726 4360 778 4419 ali·
831 4365 866 4424 V.
881 4376 908 4435 9.
928 4364 983 4425 VI.
999 4374 1024 4432 7.
1048 4366 1136 4427 XIII.
1151 4375 1197 4426 45.
1218 4378 1273 4426 etc.
