3250 5217
166 612 168 615 Ι
214 522 248 591 iv
647 540 907 591 ruAErArro.

212 719 306 793 bula
334 718 425 791 inde
461 717 663 817 proditura
701 727 770 805 est,
812 728 852 790 at
888 717 1024 791 saltem
1066 717 1171 791 haud
1203 744 1341 818 parum
1424 753 1427 759 ·

212 852 382 925 materiae
417 876 547 925 secum
585 849 752 938 allatura
785 850 847 935 sit,
885 849 1000 937 unde,
1042 848 1212 924 feliciore
1247 842 1341 926 oliin

212 988 342 1084 aliquo
382 997 421 1061 et
456 986 603 1084 aptiore
637 986 673 1059 ei
713 984 983 1084 patrocinante
1024 983 1199 1072 Editore‚
1243 987 1340 1060 lucis

211 1115 388 1189 nonnihil
430 1090 641 1190 etiamdum
683 1114 859 1211 accipiat,
899 1124 938 1187 et
976 1113 1101 1209 magis
1138 1116 1340 1214 magisque

211 1246 354 1333 sordes,
392 1271 468 1319 non
503 1270 604 1330 suas,
647 1246 714 1319 sed
750 1244 935 1343 temporis
978 1244 1089 1342 lapsu
1124 1244 1164 1317 in
1200 1243 1340 1319 faciem

211 1378 509 1478 pulcherrimam
534 1378 725 1466 inductae,
753 1402 895 1452 exuere
921 1390 1161 1452 consuescat.

285 1640 382 1727 Quae
422 1640 500 1714 sint
534 1640 652 1737 igitur
691 1640 774 1714 haec
820 1639 962 1715 fabulae
1005 1652 1144 1729 nostrae
1187 1642 1338 1718 addita-

210 1787 353 1863 menta,
381 1785 501 1849 restat
523 1786 567 1847 ut
588 1774 888 1873 quamprimum,
915 1785 955 1848 et
978 1800 1056 1873 qua
1079 1776 1226 1875 possim
1251 1777 1341 1851 dili*

209 1910 352 2007 gentia,
388 1934 593 2009 exponam.
645 1908 799 2007 Loquor
833 1908 1017 1981 nimirum
1050 1907 1100 1983 de
1127 1908 1340 1985 Codicibus

212 2037 501 2138 Manuscriptis
545 2063 709 2137 quorum
745 2037 1030 2125 nonnullorum,
1067 2038 1142 2112 nisi
1176 2024 1340 2115 multum

209 2172 334 2262 fallor,
358 2198 462 2247 nunc
490 2174 658 2273 primum
688 2172 738 2246 ad
761 2172 975 2246 Auctorem
991 2171 1184 2247 Nostrum
1209 2199 1337 2248 emen-

209 2309 381 2383 dandum
413 2319 480 2381 aut
507 2307 701 2382 edendum
731 2305 836 2381 facta
864 2320 923 2381 est
946 2308 1135 2383 tractatio.
1188 2309 1236 2385 Id
1263 2312 1342 2391 sah.

208 2452 287 2513 tem
314 2440 362 2513 de
398 2438 535 2513 horum
569 2438 720 2512 duobus
752 2437 923 2512 tribusve
958 2439 1217 2515 confidentius
1251 2466 1340 2541 pro·

208 2573 340 2663 mitt03
374 2572 423 2645 dc
453 2572 613 2659 caterio,
646 2571 678 2644 si
708 2570 797 2669 quis
828 2570 970 2644 rectius
1005 2570 1164 2656 noverit,
1200 2573 1339 2648 certior

208 2708 294 2781 fieri
320 2708 436 2783 anxie
462 2718 659 2806 exspecto.
711 2704 815 2779 Mihi
841 2704 998 2802 quidem
1029 2703 1162 2777 sedulo
1185 2704 1235 2779 de
1264 2704 1338 2780 hac

208 2860 249 2911 re
289 2838 392 2936 apud
431 2837 621 2911 litteratos
663 2836 764 2910 viros
802 2835 1028 2933 inquirenti,
1048 2935 1050 2940 Ι
1068 2835 1194 2910 adhuc
1233 2836 1338 2912 haud

208 2984 402 3072 repertum
438 2983 497 3047 est
530 2971 592 3046 vel
627 2996 748 3046 unum
777 2970 937 3069 quidem
971 2995 1020 3063 ex
1052 2970 1100 3044 iis
1126 2970 1338 3045 Codicibus

207 3130 305 3204 quos
346 3104 395 3180 ad
434 3103 534 3179 hanc
575 3103 747 3178 fabulam
785 3102 997 3178 ornandam
1035 3102 1208 3191 adhibui,
1246 3117 1337 3178 ante

209 3238 312 3313 hunc
345 3238 448 3312 diem
482 3262 560 3336 qua
589 3236 720 3312 decuit
751 3236 945 3311 industria
966 3236 1160 3343 collatum
1193 3235 1335 3328 fuisse3

206 3374 284 3449 imo
303 3399 485 3471 magnam
509 3396 641 3447 eorum
668 3383 829 3469 partem,
856 3371 898 3445 in
923 3370 1093 3445 tenebris
1116 3381 1156 3444 et
1182 3371 1336 3447 silentio

200 3502 538 3581 wBibliothecarum
572 3525 728 3574 suarum
764 3501 949 3590 abditam,
981 3499 1057 3575 huc
1087 3527 1214 3606 usque
1237 3502 1336 3578 latu-

205 3636 280 3711 isse
311 3636 497 3711 credibile
525 3646 596 3709 est.
843 3625 848 3631 ’

280 3892 394 3967 Certe
420 3893 460 3966 in
488 3892 673 3969 Editione
695 3896 891 3984 Plautina,
919 3920 1007 3997 quae
1033 3899 1168 3975 decem
1191 3899 1334 3973 abhinc

205 4024 319 4099 annis
352 4050 401 4098 ex
429 4024 576 4100 aedibus
604 4026 810 4125 Valpianis
839 4028 993 4127 prodiit,
1027 4028 1214 4104 Codicum
1248 4052 1334 4102 nos·

204 4170 349 4231 trorum
375 4159 522 4234 mentio
545 4171 605 4234 est
629 4161 772 4260 partim
794 4161 911 4249 facta,
940 4164 1050 4237 etad
1070 4176 1222 4238 textum
1243 4186 1333 4235 con-

204 4289 414 4363 ficiendum
445 4290 564 4365 iidem
594 4293 843 4392 aliquatenus
862 4297 1054 4395 »usurpati
1085 4308 1204 4371 sunta
1227 4296 1333 4396 judi·
