3250 5217
615 660 824 715 RECENSUS
849 662 1049 715 CODICUM.
1356 666 1404 713 XV

340 829 428 883 Aulisl.
446 832 501 881 Coa.
522 831 582 883 cut
600 832 675 897 Epid.
694 833 764 884 Cure.
804 832 884 881 Manu
900 833 988 883 Italics
1003 842 1027 881 et
1042 834 1143 883 minutis
1159 834 1245 882 litteris
1261 833 1320 881 sotis
1335 833 1405 881 lucu-

340 907 405 958 lente
430 909 726 958 scribtum-Scholiasta
748 910 774 956 in
797 910 868 957 initio
891 910 1063 959 Commeumril
1085 911 1111 958 in
1132 910 1248 971 Captivos
1270 909 1404 957 Dominum

341 982 477 1031 (lutrinum
500 985 617 1044 nominat,
645 983 709 1031 unde
734 992 791 1032 retas
815 984 868 1043 ejus
892 985 979 1044 conjici
998 984 1263 1047 possit-Subscriptio
1282 984 1340 1031 libri
1365 984 1405 1033 his

340 1060 419 1107 verbis
435 1060 582 1122 concipitur;
603 1060 728 1107 ”Librum
745 1059 810 1107 hunc
827 1060 955 1108 Canonicis
972 1060 1136 1121 Reguleribus
1153 1060 1363 1121 hammensium,
1379 1061 1406 1108 in

341 1133 488 1183 Monasterio
504 1136 555 1186 divi
571 1135 674 1186 Joennis
692 1136 797 1197 baptiste
812 1134 843 1182 de
860 1134 982 1185 Viridoria
997 1136 1087 1184 Poduae
1102 1138 1238 1198 agentibus,
1258 1139 1295 1184 vir
1309 1150 1405 1185 senmo-

340 1210 398 1258 bilis
416 1226 443 1259 oc
454 1211 553 1259 devotus
571 1211 661 1259 Christi
681 1209 797 1272 sacerdos,
818 1219 843 1259 et
861 1213 978 1259 bonarum
998 1213 1085 1260 ulium
1101 1214 1185 1276 cultor,
1202 1214 1293 1275 Graece,
1309 1213 1405 1275 lactine,

341 1288 470 1349 Hebroioe,
500 1304 567 1351 teque
586 1290 755 1351 politissimus,
775 1288 807 1338 D.
825 1290 911 1337 Petrus
927 1290 1101 1353 llontsgnsna,
1119 1294 1212 1354 optima
1228 1292 1285 1354 lide,
1309 1294 1406 1354 pietatis

340 1364 429 1424 studio,
449 1379 539 1426 proque
559 1366 635 1413 salute
655 1366 790 1427 adscripsit,
816 1373 889 1429 etque
906 1366 1018 1415 donariis
1038 1383 1110 1429 quem
1129 1370 1234 1432 quisque
1250 1370 1333 1432 legens
1349 1384 1404 1432 pro·

340 1439 406 1487 iiciot
420 1441 534 1501 primum,
552 1441 638 1489 deinde
658 1442 690 1489 sit
706 1450 795 1502 gratus.
834 1442 920 1497 lew

299 1578 306 1594 ·
399 1546 501 1606 Codex
523 1568 540 1607 e
561 1548 746 1609 Bibliotheca
764 1548 877 1627 Regali.
899 1548 963 1608 Fol.
983 1550 1236 1611 Membranaceus.
1277 1552 1351 1612 Saec.
1366 1552 1404 1611 X.

292 1679 299 1693 ·
340 1641 480 1702 foliorum
503 1652 566 1716 194.

400 1750 483 1801 Codex
503 1754 549 1801 iste
569 1755 681 1815 continet,
708 1770 780 1817 super
798 1764 852 1804 octo
871 1755 968 1804 fabulas
988 1756 1115 1805 Plautinas
1132 1757 1184 1817 jem
1204 1759 1290 1820 dictos,
1310 1759 1406 1809 Cicero·

340 1826 378 1873 uis
392 1827 466 1873 etiam
483 1826 557 1878 Tusc.
573 1828 666 1887 Queat.
685 1837 709 1877 et
726 1828 863 1879 Rhetorice.
902 1829 976 1890 Quod
995 1831 1111 1880 Plautum
1128 1834 1235 1895 respicit,
1255 1834 1337 1883 Codex
1356 1835 1406 1898 hic,

341 1898 410 1947 aliter
424 1901 619 1963 pretiosissimus,
635 1910 672 1950 est
686 1903 712 1950 in
726 1903 855 1965 principio,
869 1904 1029 1965 marginibus,
1044 1913 1068 1953 et
1083 1907 1161 1967 copite
1175 1906 1250 1955 ferme
1264 1908 1407 1969 paginarum

340 1976 450 2025 mutilus.
488 1977 606 2026 Ordinem
621 1978 723 2027 eundem
738 1989 871 2042 sequuntur
885 1980 975 2028 fabule
990 1995 1062 2042 quem
1076 1982 1103 2028 in
1118 1982 1177 2031 Cod.
1194 1982 1228 2031 H.
1243 1985 1264 2042 l,
1279 1984 1407 2042 dedimus3

340 2054 497 2102 Aululariam
511 2056 593 2116 itaque
608 2056 700 2117 excipit
715 2053 812 2117 Captivi
826 2056 883 2116 duo,
898 2057 967 2103 nulla
980 2057 1069 2105 lacuna
1082 2067 1125 2106 sut
1138 2059 1207 2107 hiatu
1221 2060 1313 2121 relicto,
1327 2075 1407 2122 neque

342 2132 420 2195 (quod
441 2135 467 2180 in
486 2134 608 2194 plerisque
628 2133 704 2182 Codd.
728 2134 819 2183 iactum
839 2136 896 2196 est)
915 2134 1007 2195 addito,
1036 2136 1206 2197 “Imperfecta
1228 2136 1339 2197 isbula,'’
1363 2147 1407 2186 aut

342 2209 498 2257 “Aulularia
512 2224 560 2257 non
574 2218 610 2265 est
624 2211 700 2270 tota,’'
715 2218 758 2259 aut
773 2210 907 2269 “Quintus
920 2212 1000 2261 Actu
1014 2211 1124 2261 deficit.”
1136 2222 1181 2261 etc.

297 2372 303 2385 .
400 2319 502 2380 Codex
525 2319 643 2398 Regalis
665 2320 747 2378 alter.
770 2326 835 2378 8vo.
854 2320 886 2377 in
908 2320 1096 2379 membranis.
1137 2321 1209 2381 Saec.
1232 2321 1301 2381 XV.
1321 2321 1406 2400 pogi-

293 2470 300 2483 ,
341 2436 448 2476 narum
470 2415 536 2477 161.

300 2549 307 2562 ·
400 2527 513 2575 Continet
522 2534 575 2574 octo
589 2525 685 2575 fabulas
694 2525 799 2586 moelem,
814 2524 946 2587 eodemque
958 2526 1050 2586 ordine,
1064 2527 1113 2575 nisi
1128 2526 1192 2586 quod
1202 2526 1340 2587 Aulularia,
1354 2527 1410 2576 loco

340 2616 385 2651 suo
399 2609 527 2662 summoto,
543 2602 569 2647 in
584 2601 673 2649 calcem
687 2600 807 2658 rejiciam
822 2601 849 2647 in
863 2600 935 2659 eujus
949 2603 1051 2664 abrupto
1065 2602 1166 2650 temino
1179 2600 1285 2662 additur,
1301 2603 1318 2626 ’'
1325 2602 1407 2650 Plauti

342 2677 436 2727 Comici
458 2676 598 2727 facetissimi
618 2676 749 2727 Aulularia
770 2674 888 2725 Consedit
910 2676 1006 2725 sinite
1043 2677 1156 2739 Sequitur
1175 2677 1285 2729 Vulcatii
1305 2678 1408 2741 Sedigiti

341 2755 371 2803 de
385 2754 463 2816 poetis
476 2753 575 2803 comicis
588 2752 713 2813 umento,
729 2751 801 2814 (Aul.
819 2751 885 2801 Geli.
901 2751 958 2799 Isib.
974 2751 1034 2801 XV.
1049 2752 1100 2813 24.)
1115 2752 1169 2803 stil-

549 2844 667 2892 “Multos
681 2845 782 2892 incertos
798 2852 887 2891 oerters
900 2843 963 2891 huuc
976 2857 1027 2891 rem
1042 2843 1156 2903 vidimus,

576 2919 687 2967 Palmam
702 2926 778 2981 poete
792 2919 883 2966 comico
897 2919 955 2979 quoi
969 2918 1132 2966 deferent’'...

343 3027 467 3076 Consentit
480 3026 622 3087 plerumque
641 3024 682 3072 hic
700 3024 783 3073 Codex
798 3038 854 3073 cum
870 3022 902 3071 lt
919 3021 940 3085 l,
961 3030 986 3071 et
1000 3032 1036 3071 est
1050 3024 1212 3073 verisimiliter
1225 3039 1256 3072 ex
1271 3024 1354 3071 mem
1368 3038 1406 3071 or-

342 3104 453 3165 chetypo‚
468 3102 510 3151 sed
525 3102 608 3149 scribis
623 3115 697 3148 manu
712 3102 793 3149 minus
807 3105 926 3159 securem,
941 3098 1064 3147 conficms.

603 3295 663 3359 IV.
713 3295 819 3359 Consx
850 3293 1135 3358 Clursumcmusm.

252 3444 285 3500 C.
402 3445 573 3505 Academiae
600 3442 852 3521 Cantabrigiensis
875 3440 987 3511 Codex,
1019 3440 1052 3499 in
1077 3438 1265 3498 Bibliotheca
1286 3438 1407 3516 publica

228 3550 308 3600 Nus.
345 3540 575 3605 servatus.·Fol.
596 3540 627 3601 in
648 3538 836 3600 membranis·
876 3536 950 3599 Saec.
968 3535 1039 3597 XV.
1060 3536 1201 3606 ineuntis,
1227 3545 1262 3595 ut
1283 3544 1407 3594 testetur

221 3615 302 3679 Ἥ
343 3635 482 3699 librarius
500 3633 533 3696 in
552 3634 619 3693 fine.

403 3744 485 3797 Codex
500 3745 546 3793 iste
564 3751 617 3793 octo
635 3742 740 3793 continet
759 3740 864 3799 fabulas,
884 3740 1004 3801 videlicet,
1024 3740 1118 3803 Amph
1135 3740 1207 3787 Asin.
1225 3738 1313 3787 Aulul.
1335 3737 1406 3799 Capt

345 3819 472 3879 Gurgulio.
494 3817 602 3865 Csssino.
625 3816 685 3864 Cist.
705 3815 778 3877 Epid.
813 3814 860 3862 Est
879 3814 965 3861 litteris
980 3813 1073 3862 Italicis
1088 3814 1146 3862 satis
1159 3813 1282 3861 luculente
1296 3812 1407 3873 scriptus,

343 3896 451 3944 versibus
465 3894 531 3942 haud
546 3894 673 3941 distinctis.
710 3891 784 3951 Quod
799 3890 830 3939 ad
845 3892 1018 3951 auctoritatem,
1034 3890 1177 3953 plerumque
1191 3903 1246 3937 cum
1261 3886 1321 3935 Cod.
1337 3884 1372 3936 Η.
1386 3888 1408 3948 l,

343 3973 473 4029 consentin
493 3979 626 4019 esttamen
647 3970 691 4017 ubi
712 3968 769 4015 huic
791 3966 876 4015 Codici
895 3966 989 4015 auxilia
1010 3967 1142 4025 debuerim,
1169 3980 1224 4027 que
1243 3962 1327 4011 nullm
1344 3963 1408 4011 elius
1503 3964 1505 3969 '

343 4047 538 4109 suppeditaverit.
579 4045 622 4093 Ad
644 4043 733 4092 calcem
748 4041 845 4091 Codicis
867 4042 952 4089 soeibae
966 4055 1040 4089 monu
1058 4040 1180 4101 adjicitur,
1203 4038 1352 4099 ”scriptum
1366 4053 1410 4099 per

343 4124 401 4173 me“
412 4124 511 4186 [nomen
522 4121 627 4183 deletur]
639 4122 656 4146 ”
665 4120 738 4169 l'lort
755 4118 795 4167 die
809 4118 926 4181 vigesimo
940 4118 1019 4181 primo
1033 4117 1173 4176 decembris,
1188 4114 1409 4164 M⁰.cccc⁰.xv⁰.“

403 4231 514 4289 Praeter
533 4229 615 4289 hunc
637 4227 737 4287 nullus
757 4225 842 4295 alius,
865 4224 948 4303 quod
968 4223 1094 4302 reperio,
1115 4222 1199 4303 eputl
1215 4221 1408 4283 Academiam

344 4335 474 4385 nossem
500 4334 596 4385 exstet
620 4325 717 4385 Plauti
743 4323 854 4384 Codex.
905 4321 987 4382 Inter
1014 4320 1121 4384 Libros
1148 4340 1218 4379 vero
1246 4320 1408 4397 impressos

345 4430 414 4478 sunt
433 4418 502 4489 duo,
530 4420 639 4481 notulis
667 4416 847 4497 quibusdam
875 4418 949 4477 Mes.
976 4415 1123 4487 instructi,
1154 4433 1282 4493 quorum
1309 4423 1407 4473 tamen
