3250 5217
530 888 1111 982 ARGUMENTUM

591 1256 595 1260 .
649 1195 1058 1277 cAMnnAnn„.

332 1748 465 1812 Norunu
486 1748 620 1813 Fabulae
641 1749 778 1815 inditum
802 1774 822 1813 a
842 1773 887 1827 re,
912 1773 986 1836 quae
1009 1748 1173 1835 negotium
1196 1759 1228 1811 et
1248 1747 1362 1824 variat,
1386 1758 1418 1811 et

234 1862 339 1927 reddit
370 1864 576 1952 copiosiorem
605 1866 845 1951 expositionem.
892 1866 944 1929 Ea
972 1877 1020 1928 est
1046 1864 1111 1928 olla
1137 1864 1232 1951 plena
1261 1864 1343 1941 auri,
1373 1886 1421 1927 re-

234 1993 326 2068 perta
354 1982 395 2047 ab
425 1983 580 2047 Euclione
609 1983 642 2046 in
673 1982 767 2047 domo
799 1997 942 2071 paterna.
990 1982 1102 2069 Hujus
1134 1983 1215 2046 senis
1246 1982 1420 2046 avarissimi

234 2109 266 2161 et
286 2098 460 2185 parcissimi
482 2099 590 2178 filiam,
611 2100 643 2163 vi
664 2112 762 2165 noctu
782 2099 964 2165 adolescens
985 2098 1167 2187 Lyconides
1184 2111 1420 2186 compresserat.

236 2218 355 2317 Itaque
381 2217 519 2282 instante
546 2228 655 2305 partu,
688 2242 761 2282 cum
789 2219 930 2306 puellam
960 2230 1092 2296 amaret,
1119 2232 1166 2282 et
1181 2218 1341 2282 avunculo
1368 2217 1422 2282 de-

236 2356 381 2421 sponsam
404 2358 470 2399 esse
487 2335 698 2423 cognovisset,
722 2358 788 2399 rem
808 2358 932 2400 omnem
950 2336 1044 2399 matri
1061 2335 1192 2411 indicat,
1213 2347 1245 2398 et
1261 2357 1320 2421 per
1339 2335 1422 2399 hanc

234 2450 397 2537 impetrat,
429 2450 486 2514 illa
513 2451 572 2515 sibi
601 2463 637 2515 ut
667 2452 778 2517 nubat.
817 2449 954 2517 ¹Interea
984 2475 1078 2517 senex
1111 2453 1152 2517 de
1180 2453 1251 2516 auri
1277 2451 1423 2515 custodia

236 2569 362 2633 delitias
384 2568 498 2647 faeere,
525 2581 556 2633 et
579 2569 660 2633 illud
685 2582 790 2635 tamen
813 2570 967 2635 amittere.
1016 2569 1104 2634 Hine
1129 2566 1193 2633 illae
1216 2568 1322 2633 turbae
1344 2591 1423 2655 que-

236 2685 385 2761 relarum,
416 2696 447 2748 et
476 2706 563 2748 error
577 2686 802 2763 confessionis,
835 2685 929 2750 factae
955 2686 1093 2774 injuriae.
1141 2684 1288 2749 Tandem
1317 2684 1423 2749 adole-

237 2824 324 2865 scens
349 2800 389 2865 de
414 2822 505 2865 servo
530 2825 588 2866 suo
614 2804 787 2891 cognoscit,
815 2803 895 2889 quid
918 2804 958 2868 de
981 2804 1044 2867 olla
1069 2803 1109 2867 sit
1130 2802 1262 2866 factum.
1309 2803 1423 2887 Atque

235 2918 388 2983 hactenus
420 2920 573 2983 Plautina
602 2919 643 2984 ad
675 2943 732 2984 nos
761 2932 985 3007 pervenerunt.
1033 2922 1086 2984 Ex
1117 2920 1282 3007 proposito
1315 2930 1422 2983 autem

236 3049 424 3124 argumento
452 3036 588 3123 intelligi
622 3048 739 3123 potest,
771 3050 842 3102 turn
875 3051 908 3101 et
939 3059 1054 3102 aurum
1086 3036 1248 3101 redditum
1282 3036 1359 3113 seni,
1391 3048 1424 3100 et

235 3152 327 3217 illum
355 3153 461 3217 animo
488 3163 647 3217 mutatum
671 3154 781 3231 fuisse,
810 3167 842 3218 et
870 3153 1012 3218 dotatam
1039 3153 1136 3217 filiam
1164 3152 1331 3217 tradidisse
1356 3154 1424 3241 Ly-

236 3268 350 3333 eonidi.
404 3270 579 3333 Fabricius
607 3267 737 3355 quidem
773 3269 928 3334 indicavit
960 3268 1110 3356 quaedam
1142 3270 1255 3333 Romae
1285 3281 1423 3355 reperta,

236 3384 354 3469 quibus
385 3383 610 3470 supplerentur
637 3382 706 3449 haec
733 3384 930 3449 deficientia:
962 3383 1017 3448 sed
1046 3384 1165 3447 ncilla
1189 3382 1318 3469 quidem
1348 3384 1425 3447 satis

237 3503 398 3579 Plautina,
429 3522 533 3587 neque
562 3524 668 3579 causa,
702 3526 760 3567 cur
791 3502 887 3589 adjici
918 3501 1083 3579 vellemus,
1114 3501 1182 3565 visa
1211 3499 1283 3565 fuit.
1336 3503 1424 3565 Pao-

238 3638 389 3681 rourrun
412 3616 518 3703 imago
544 3615 681 3680 sordidae
704 3616 904 3703 parsimonia
928 3628 960 3681 et
984 3617 1177 3681 morositatis
1197 3618 1229 3680 in
1256 3616 1423 3682 Euclione.

237 3733 320 3796 Nam
351 3745 383 3796 et
414 3731 474 3795 hoc
504 3732 619 3796 vitium
653 3731 749 3796 senile
780 3744 837 3797 est.
890 3734 963 3811 Quo
992 3733 1064 3821 ipso
1096 3756 1225 3818 quoque
1252 3732 1423 3807 iudicatur,

238 3870 392 3911 unacum
412 3859 505 3913 aetate
524 3848 766 3935 intelligentiam
788 3848 886 3913 animi
906 3848 1016 3920 minui.
1064 3850 1217 3912 Perverse
1236 3847 1318 3909 euim
1339 3860 1425 3911 certe

237 3964 285 4041 fit,
313 3974 348 4027 ut
373 3976 442 4027 turn
467 3966 603 4028 maxime
630 3964 797 4030 studeatur
820 3965 876 4044 rei,
901 3988 974 4030 curn
1001 3965 1128 4029 minime
1152 3963 1193 4027 ad
1218 3986 1309 4027 usum
1336 3961 1424 4049 longi

239 4082 390 4169 temporis
414 4103 483 4166 spes
507 4081 708 4168 relinquitur.
