3250 5217
270 588 335 652 130
674 576 988 645 GLOSSARIUM

264 784 317 845 sed
333 801 432 850 sensu,
450 786 593 858 postremo
613 778 679 837 loco.
718 775 802 837 Audi
825 796 893 855 quae
911 774 949 833 de
966 773 1023 831 huc
1040 790 1112 829 voce
1128 768 1262 847 disputet
1281 768 1317 823 Α.
1334 762 1410 821 Gell-

265 897 298 953 in
310 892 533 954 memorabilem
551 891 661 962 locum,
676 888 743 947 AEn.
757 888 814 947 VI.
829 885 895 955 763.
909 905 975 963 sqq.
1014 892 1033 918 “
1043 882 1177 951 Silvius„
1187 924 1195 938 .
1204 890 1271 938 ‚tua
1280 881 1411 957 postuma

266 1001 383 1081 proles:
419 999 519 1072 Quem
540 997 592 1057 titt
613 996 738 1077 longave
762 1015 862 1055 serum
883 996 1009 1055 Lavinia
1029 994 1139 1074 conjux
1163 990 1281 1051 Educet
1304 985 1412 1047 silvis.”

212 1148 218 1155 -
269 1111 319 1170 Ad
345 1131 413 1189 quae
439 1108 522 1169 Geli:
557 1108 660 1167 laudat
687 1108 856 1168 Caesellium
892 1108 1041 1186 quendam
1081 1107 1124 1166 sic
1158 1095 1412 1182 interpretantem,

270 1224 428 1284 ‘’Postumu
453 1220 553 1302 proles
580 1240 640 1280 non
668 1240 736 1280 eum
758 1220 915 1299 siguificat,
944 1221 996 1299 qui
1017 1213 1104 1299 patre
1127 1228 1255 1285 mortuo,
1283 1211 1335 1272 sed
1361 1208 1414 1288 qui

266 1342 407 1415 postremo
425 1335 485 1394 loco
504 1346 591 1393 natus
615 1346 678 1407 est,
705 1334 793 1394 sicuti
817 1335 940 1405 Silvius,
960 1336 1022 1414 qui,
1043 1334 1137 1393 AEnea
1149 1333 1218 1411 jam
1235 1346 1309 1396 reue,
1329 1323 1415 1385 tardo

271 1467 396 1525 seroque
412 1458 500 1526 partu
524 1458 581 1506 est¹
593 1447 721 1506 editua.“
762 1448 854 1507 Notat
871 1448 956 1507 Pan:
980 1448 1012 1506 in
1035 1448 1107 1507 Lex.
1128 1445 1173 1504 Pl.
1191 1444 1332 1522 scriptam
1351 1457 1416 1498 esee

271 1576 374 1617 vocem
390 1556 452 1615 siue
470 1556 648 1635 aspiratione
669 1557 701 1615 in
723 1570 866 1635 argenteo
888 1579 981 1618 numo
1001 1560 1134 1618 Romano
1156 1576 1247 1635 quem
1270 1576 1301 1613 se
1323 1570 1415 1632 penes

271 1676 404 1735 haberet.
456 1673 596 1752 Denique
622 1673 734 1732 Noster
753 1674 863 1745 Hine,
891 1677 977 1757 cujus
1003 1678 1095 1737 verba
1120 1675 1219 1734 omnia
1242 1670 1416 1737 exscribam,

272 1787 403 1847 ”Festus
417 1784 449 1843 in
458 1785 635 1863 posthumus,
656 1792 677 1869 ‘f
683 1795 821 1864 puratum
833 1786 880 1846 his
895 1808 1004 1847 nomen
1022 1788 1123 1867 pueris
1135 1783 1315 1865 posthumi;”
1338 1792 1369 1840 et
1385 1781 1418 1838 in

273 1917 349 1955 vers.
372 1895 471 1974 priore
477 1893 614 1974 fortuito.
654 1894 749 1953 Codd.
769 1916 840 1955 vero
852 1904 1010 1976 postumus,
1033 1897 1096 1955 sine
1114 1893 1301 1973 aspiratione,
1324 1901 1355 1948 et
1376 1887 1419 1946 sic

274 2008 337 2066 fere
363 2003 484 2063 Eruditi
511 2004 701 2064 scribendum
728 2007 923 2076 contendunt,
952 2005 1003 2065 sed
1030 2006 1068 2065 de
1092 2003 1283 2084 Etymologia
1305 2001 1418 2059 dissen-

274 2113 355 2178 tiunt
361 2140 370 2187 3
389 2116 554 2195 antiquitus
571 2117 650 2175 enim
669 2127 724 2187 est,
739 2126 805 2197 post
823 2119 968 2178 humatam
978 2126 1092 2199 putrem
1108 2126 1211 2189 reatum
1234 2115 1285 2175 Sic
1304 2115 1419 2181 Festus,

273 2234 339 2310 post
355 2226 454 2307 patris
474 2235 589 2285 mortem
613 2236 707 2287 natus.
762 2230 894 2308 Eutych.
926 2252 956 2310 p.
981 2239 1067 2291 2311.
1121 2231 1188 2310 [De
1216 2226 1422 2307 aspiratione]

278 2340 448 2420 “Exceptis
470 2340 573 2419 paucis
599 2342 757 2420 corruptis,
785 2361 854 2420 quae
877 2342 1041 2402 excludunt
1065 2343 1185 2421 penitus
1212 2339 1360 2420 spiritum,
1388 2348 1422 2395 ut

274 2470 423 2542 postumus
449 2471 518 2539 post
544 2460 713 2531 humetum,
746 2462 766 2521 i.
779 2482 806 2521 e.
830 2463 989 2542 sepuitum,
1017 2473 1131 2542 patrem
1154 2464 1268 2521 natus.”
1311 2460 1422 2519 Recen-

277 2576 368 2634 tiores
392 2584 492 2633 autem
516 2593 577 2632 non
602 2575 641 2633 ab
664 2574 747 2635 dumo
769 2575 883 2635 dictum
905 2577 1018 2646 volunt,
1046 2576 1099 2637 sed
1125 2584 1311 2655 apostema,
1337 2582 1373 2630 ut
1384 2570 1423 2628 ab

279 2686 401 2765 iuferus,
424 2685 562 2764 iufimm
583 2684 695 2763 [πίνω
715 2686 858 2754 extimum·
879 2687 969 2759 intra,
991 2686 1126 2758 intimum
1147 2686 1222 2765 dac]
1262 2685 1331 2761 Ego
1351 2700 1424 2740 vero

279 2811 437 2878 utramque
468 2798 677 2877 etymologiam
704 2820 803 2859 veram
833 2811 917 2879 puto,
950 2822 1006 2880 pro
1039 2801 1157 2860 diverso
1188 2820 1249 2878 quo
1279 2794 1424 2875 accipitur

280 2928 386 2979 sensu3
407 2913 568 2986 pensemus
589 2906 678 2977 enim,
706 2917 821 2988 etpost
841 2910 938 2989 patris
960 2918 1073 2969 mortem
1097 2916 1194 2980 uatus,
1225 2927 1313 2967 sensu
1335 2906 1426 2981 longe

282 3030 352 3080 sunt
374 3018 522 3077 diversa“
560 3017 609 3077 Itu
629 3018 689 3089 ille,
719 3020 768 3081 cui
789 3031 889 3080 tamen
914 3021 995 3081 haud
1016 3022 1161 3091 assentio;
1191 3020 1354 3087 Postumus,
1379 3026 1428 3076 est

278 3128 436 3209 pastinum
462 3140 496 3187 ut
516 3137 644 3188 eatumus
663 3125 838 3202 et'eetimus,
858 3153 1007 3191 maxumus
1026 3143 1056 3192 et
1077 3130 1223 3202 maaimus,
1247 3129 1426 3190 scribuntur.

282 3241 364 3301 Vera
382 3241 475 3318 igitur
488 3242 579 3301 Gellii
592 3243 805 3323 interpretatio,
827 3246 968 3305 nimirum
989 3256 1089 3306 tamen
1109 3267 1167 3306 vox
1177 3252 1326 3326 postumus
1338 3245 1427 3302 etism

281 3352 321 3411 ad
336 3372 408 3411 eum
426 3353 555 3412 refertur
567 3354 620 3432 qui
630 3363 695 3433 post
713 3365 825 3435 patrem
845 3366 982 3417 mortuum
1002 3369 1090 3418 natus
1112 3371 1166 3428 est,
1189 3352 1427 3435 (Posthumous),

284 3483 353 3523 nam
373 3462 440 3521 talis
466 3483 536 3523 vere
561 3475 606 3523 est
628 3473 692 3543 pout
720 3466 819 3527 editus
826 3490 836 3538 ;
863 3467 938 3528 nihil
964 3479 1064 3528 autem
1086 3469 1235 3547 pertinere
1255 3468 1294 3527 ad
1315 3466 1428 3525 humum

283 3585 336 3633 sut
354 3574 497 3633 humatum
517 3576 733 3637 contendimus.

341 3762 406 3815 122.
446 3746 620 3845 Degam.]
673 3756 749 3818 tht
770 3778 903 3825 remoue.
954 3765 1002 3824 De
1017 3785 1113 3845 agam,
1138 3720 1299 3824 detrudam.
1340 3761 1428 3821 ''Ds-

282 3906 353 3966 gsre
370 3904 426 3963 pro
447 3884 582 3955 minuere,
602 3885 680 3946 Non.
700 3886 795 3949 Marc
814 3887 903 3947 allato
917 3888 975 3953 hoc
993 3895 1107 3947 textu.“
1145 3886 1243 3945 Gloss.
1258 3883 1331 3945 cod.
1345 3882 1387 3945 Η.
1401 3892 1430 3943 2.

286 3998 372 4058 Idem
398 3998 478 4068 citat,
513 3996 603 4076 Epid.
620 3996 673 4059 68.
714 3999 875 4079 “Degetur
896 4000 1010 4075 corium
1035 3999 1184 4077 detergo
1208 3999 1301 4059 meo.”
1342 3994 1430 4076 (will

287 4112 325 4170 be
345 4109 442 4187 flayed
450 4112 476 4188 3)
501 4129 556 4187 pro
577 4108 752 4167 detrahetur.
801 4109 861 4169 Sed
880 4120 1008 4189 utroque
1030 4110 1096 4169 loco
1116 4109 1178 4168 falli
1201 4118 1302 4168 censet
1322 4107 1430 4165 Noster

289 4223 398 4292 Hans,
416 4222 471 4300 qui
494 4222 601 4281 mnam
622 4223 749 4301 reponit.
788 4224 936 4285 Caeterum
952 4224 1088 4285 similiter
1107 4244 1176 4303 cogo
1201 4234 1246 4283 est
1260 4242 1316 4301 pro
1331 4232 1428 4299 coago,

289 4334 385 4419 (unde
407 4336 545 4413 coactus,)
569 4354 588 4392 a
609 4353 661 4392 con
680 4352 748 4413 ago.
1167 4338 1169 4343 ’
