3250 5217
639 622 943 686 AULULARIA.
1338 624 1381 686 21

295 817 486 915 Virginem
501 815 591 890 mihi
608 817 831 916 desponderi.
861 820 984 893 Verba
998 846 1044 893 ue
1058 820 1178 905 facias,
1193 846 1300 894 soror.
1327 839 1384 889 rao

296 940 387 1027 Soio,
423 942 510 1039 quid
543 942 684 1018 dictura
714 967 770 1017 es:
805 944 898 1019 hanc
928 970 1003 1019 esse
1036 970 1237 1042 pauperem.
1289 944 1383 1018 Haeo

428 1093 577 1166 pauper
600 1067 729 1165 placet.

195 1188 271 1263 Eu,
293 1189 363 1264 Dii
380 1192 471 1264 bene
487 1196 649 1266 vortant!

495 1316 583 1391 ΜΕ.
607 1318 710 1392 Idem
730 1342 796 1416 ego
813 1343 924 1416 spero.
1015 1272 1020 1281 ·

602 1556 604 1561 Ι
657 1446 733 1517 En.
753 1443 857 1532 Quid
870 1470 928 1519 me
942 1451 1064 1521 nune?
1084 1448 1276 1533 Quidvis?

1087 1629 1089 1632 -
1168 1574 1255 1647 ΜΕ.
1274 1573 1379 1647 Vale.

194 1698 271 1772 Eu.
293 1700 348 1774 Et
365 1711 406 1774 tu
424 1700 545 1773 stater.

545 1821 631 1895 ΜΕ.
657 1822 742 1921 Ego
757 1826 964 1897 eonveniam
982 1823 1208 1910 Euclionem,
1235 1826 1265 1897 si
1281 1824 1379 1898 domi

292 1946 373 2022 Est.
417 1947 488 2022 Sed
500 1974 620 2023 eooum
634 1950 752 2021 nescio
764 1949 861 2022 unde
874 1975 949 2023 sese
959 1949 1065 2023 homo
1077 1952 1204 2048 recipit
1213 1950 1379 2024 domum!

652 2258 897 2266 ψ

554 2446 659 2511 ACT.
685 2448 736 2511 ΙΙ.
784 2447 934 2512 SCENA
959 2447 1009 2510 11.

1324 2598 1332 2631 l

533 2728 538 2741 ι
580 2666 722 2717 nuonro.
756 2633 988 2717 uneanonus'.
1025 2675 1031 2685 ·

172 2734 555 2828 wlaira‘

190 2836 267 2907 En.
289 2835 342 2907 Pr
373 2837 512 2933 sagrbat
534 2838 585 2910 mi
607 2839 758 2925 animus,
784 2838 917 2914 frustra
940 2864 998 2912 me
1021 2840 1084 2925 ire,
1105 2863 1214 2935 quom
1237 2839 1377 2911 exibam

437 2960 563 3033 domo:
1322 2976 1377 3027 135

290 3084 420 3182 Itaque
434 3086 574 3159 abibam
590 3087 747 3161 invitus:
764 3112 847 3160 nam
860 3111 975 3183 neque
991 3088 1176 3182 quisquam
1191 3024 1512 3157 euddddnffl‘ss

289 3210 418 3298 Venit,
434 3236 550 3310 neque
566 3214 747 3310 magister,
774 3238 879 3309 quem
898 3211 1056 3285 dividere
1073 3221 1261 3307 argentum
1279 3235 1378 3307 opor-

439 3338 524 3411 tuit.

235 3556 254 3583 v.
268 3547 309 3583 1³2.
333 3546 524 3586 Itaomnee‘codd.
539 3546 645 3595 nisiquod
657 3556 684 3585 ex
697 3546 782 3591 duobus,
795 3545 876 3583 ma
889 3544 1119 3592 mammeam.-
1134 3543 1378 3585 neentiscausaevideo

188 3616 251 3655 ,quare
265 3618 315 3649 eum
325 3607 366 3647 Bo:
377 3608 432 3657 leges
440 3609 535 3655 Quidni?
546 3610 653 3657 Numquid
664 3608 713 3648 uu?
724 3608 763 3653 vel,
776 3618 825 3646 oum
836 3606 887 3653 niis,
901 3606 974 3654 Quid?
986 3607 1021 3644 Me
1031 3606 1132 3653 numquid
1143 3606 1190 3645 vis?

231 3760 295 3813 130.
326 3754 418 3814 Verba
426 3756 574 3835 arefacias,
583 3776 673 3825 soror,
683 3755 757 3833 ete]
852 3749 1378 3835 snepasbroughtaweauhynowryinner

189 3848 245 3909 Nil
266 3868 335 3907 sane
353 3850 454 3910 locuta
473 3861 518 3911 est
537 3852 636 3911 adhue
653 3851 757 3910 Euno-
812 3854 817 3859 ’
851 3826 1352 3959 cuffifjffldimpectofherpovm

187 3941 257 4011 mia,
278 3962 384 4001 verum
400 3965 436 4003 ex
451 3946 536 4004 vultu
550 3947 615 4025 ejus
629 3966 757 4024 augura·
895 3939 1025 4034 Cutbedd,
1352 3917 1377 3959 y,

187 4046 237 4095 tur
252 4037 434 4115 Megadorus
448 4058 515 4116 quoe
533 4040 571 4099 sit
583 4040 674 4099 animi
691 4060 757 4099 sen·
853 4050 1378 4111 Ishallhavehermorelovingandobedient,

185 4133 288 4191 tentia.
331 4132 471 4191 Plautum
497 4133 630 4194 imitatus
653 4145 699 4194 est
719 4133 757 4193 ad
852 4125 999 4174 Cutbeodl'

187 4231 311 4288 verbum
332 4230 445 4287 Noster
465 4228 535 4288 Bnu
555 4230 687 4290 Jonsou.
927 4214 1057 4262 Thasium
1070 4213 1174 4262 Wmaau.
1201 4212 1258 4263 Aa*
1267 4214 1289 4263 ¹·
1303 4215 1344 4263 ⁸⁰·
1354 4232 1379 4262 v.

201 4359 321 4407 “Iknow
331 4360 394 4408 what
403 4359 460 4408 thou
471 4359 574 4408 wouldst
582 4376 631 4417 say,
849 4333 912 4391 137·
953 4323 1128 4404 Magister]
1168 4325 1238 4385 scil·
1270 4326 1375 4386 Curioe.

232 4434 299 4483 She's
309 4451 374 4495 poor,
385 4436 431 4484 and
443 4435 484 4484 her
495 4434 581 4483 friends
591 4436 713 4484 deceased.
809 4421 906 4497 Supra
924 4418 972 4479 68.
