3250 5217
584 608 634 672 IN
661 608 1005 675 AULULARIAM.
1291 613 1357 680 163

220 815 223 824 “
272 817 338 871 455.
387 777 597 897 Muliones.]
647 810 836 873 Meleteas.
883 816 961 878 Vide
982 818 1065 876 Nott.
1085 817 1124 877 ad
1141 839 1169 877 v.
1184 827 1250 890 449.
1289 821 1360 882 Juv.

218 933 277 991 Sat.
294 933 351 992 111.
373 941 439 1000 317.
480 933 660 994 “Commota
679 933 858 1013 jamdudum
879 934 965 993 mulio
987 935 1073 1014 virga
1094 936 1238 997 Adnuit”

279 1129 329 1142 --
357 1088 647 1186 .Pedissequos.]
699 1095 863 1159 Footmen.
910 1104 972 1177 Qui
990 1103 1079 1184 pedes
1104 1125 1195 1176 meos,
1221 1105 1251 1164 h.
1264 1126 1290 1166 e.
1310 1127 1358 1166 me

215 1214 294 1272 foras
313 1225 442 1286 euntem,
464 1227 634 1295 sequuntur.
675 1217 865 1277 Femininum
881 1221 1062 1303 pedissequa,
1085 1224 1167 1284 Infra
1185 1222 1251 1292 764

270 1369 336 1430 456.
384 1357 565 1451 Vehicla]
613 1373 672 1432 Pro
691 1371 842 1440 vehicula;
875 1385 910 1434 ut
932 1376 1082 1447 Periclem,
1108 1397 1164 1456 pro
1189 1375 1357 1457 perieulum.

216 1498 270 1548 etc.
312 1489 409 1569 Supra
424 1497 487 1549 125.

277 1683 327 1696 -
383 1635 481 1730 Qui]
531 1648 591 1706 Pro
613 1647 723 1728 quibas.
765 1648 842 1708 Vide
856 1649 953 1728 Supra
968 1659 1034 1720 294.
1073 1649 1165 1710 Nune
1183 1658 1282 1709 autem
1298 1668 1355 1708 nu·

215 1796 329 1835 merum
355 1776 501 1854 pluralem
521 1775 652 1855 respicit.
695 1775 746 1835 Sic
764 1774 858 1834 Stich.
879 1775 944 1848 269.
965 1777 1029 1853 (eit.
1044 1777 1126 1857 apud
1146 1777 1246 1856 Nott)
1286 1777 1380 1848 Ter.¹

214 1890 309 1949 Andr.
331 1890 390 1949 111.
412 1911 445 1948 11.
473 1891 519 1950 32.
579 1890 705 1953 “Multa
731 1901 912 1953 concurrunt
941 1891 1039 1962 simul,
1071 1889 1130 1956 Qui
1156 1891 1354 1971 conjecturam

214 2003 290 2063 hanc
311 2023 392 2063 nune
414 2003 517 2064 sueio.’'
552 2003 586 2079 (i.
599 2024 625 2063 e.
645 2023 679 2062 ru
699 2001 824 2082 quidus.)

192 2199 195 2202 ·
268 2179 334 2240 462.
383 2171 519 2260 Fullo]
571 2177 696 2240 Fatus.
747 2182 1036 2262 ’'Purgationibus.“
1055 2185 1132 2243 con.
1147 2185 1206 2243 Μ..
1227 2183 1356 2263 rapas.

214 2302 275 2374 Qui
290 2312 387 2361 vestes
406 2301 543 2360 sordibus
565 2308 682 2380 purgat.
716 2301 812 2360 Gloss.
846 2300 919 2359 cod.
941 2301 982 2360 H.
996 2300 1023 2360 6.
1062 2303 1079 2324 '’
1090 2301 1233 2372 Fullones,
1254 2303 1355 2362 lavau-

213 2413 296 2472 darii.
337 2413 451 2492 Papias.
492 2415 521 2472 A
544 2413 629 2494 φύρω,
651 2413 760 2474 misceo
767 2437 777 2485 ;
805 2426 837 2475 et
861 2415 987 2476 maxime
1010 2436 1078 2475 cum
1098 2417 1194 2478 farina
1213 2418 1355 2480 miscetur

213 2534 319 2604 aqua.“

274 2707 325 2722 ..
380 2653 568 2757 Phrygio]
619 2665 854 2730 Embroiderer.
907 2671 986 2732 Vide
1007 2675 1088 2733 Meu.
1108 2682 1174 2736 332.
1188 2675 1226 2734 G.

273 2881 324 2894 -
380 2837 570 2932 Aurifex]
617 2845 805 2910 Goldrmttlr.
854 2851 950 2912 Faber
976 2854 1117 2914 aurarius.
1157 2856 1238 2914 Men.
1252 2854 1319 2915 426.

275 3049 325 3062 -
381 3002 586 3093 Lanarius]
651 3009 790 3073 Woollert
820 3012 1081 3095 manufacta-rer.
1128 3017 1293 3100 Ἐριουργός.

216 3209 218 3214 ·
266 3173 333 3235 463.
381 3163 597 3266 Cauponem]
654 3182 734 3242 Vide
757 3184 788 3242 in
807 3184 893 3246 Note

272 3365 323 3378 -
378 3319 604 3418 Patagiarii.]
655 3337 735 3399 citat
755 3339 829 3400 cod.
849 3342 889 3401 H.
910 3343 938 3404 6.
965 3343 996 3402 in
1019 3364 1111 3422 marg.
1133 3346 1233 3425 rapis
1253 3347 1349 3407 erosa.

212 3445 405 3526 ’'Patagium,
437 3448 561 3527 pallium
589 3471 626 3510 ex
652 3474 726 3514 auro
752 3476 947 3538 purpuraque
973 3459 1149 3519 variatum.“
1195 3463 1238 3521 At
1265 3463 1349 3523 Fest:

211 3558 396 3638 ''Patagium
423 3570 477 3629 est,
508 3562 587 3638 quod
614 3564 652 3622 'ad
682 3586 827 3627 summam
853 3571 985 3630 tunicam
1016 3574 1094 3631 assui
1117 3575 1200 3646 solet,
1227 3595 1294 3653 quae
1320 3586 1351 3635 et

208 3667 362 3748 patagiata
396 3669 522 3741 dicitur;
556 3683 587 3732 et
615 3677 780 3757 patagiarii
815 3681 867 3760 qui
902 3683 1048 3762 ejusmodi
1084 3704 1174 3763 opera
1209 3686 1352 3745 faciunt.“

213 3779 329 3839 Nouius
354 3779 426 3861 Cup.
451 3781 537 3842 XIV.
566 3794 609 3857 19.
656 3791 673 3812 ''
681 3789 848 3870 Pelagium,
874 3815 981 3855 aureus
1005 3798 1115 3868 clavus,
1143 3799 1195 3878 qui
1216 3799 1353 3879 pretiosis

212 3893 343 3952 vestibus
360 3893 479 3954 immitti
498 3898 601 3958 solet.“
640 3901 684 3976 (A
704 3903 782 3976 hem,
804 3927 838 3966 or
855 3909 962 3969 border
979 3911 1115 3971 attached
1134 3922 1166 3971 to
1184 3911 1235 3972 the
1255 3933 1362 3996 upper,

210 4011 278 4081 p'art
300 4003 336 4063 of
356 4025 374 4064 a
400 4009 538 4066 woman's
565 4008 672 4088 dress.)
722 4014 784 4073 Alii
806 4016 839 4075 in
863 4018 918 4078 loc.
949 4040 985 4079 ex
1009 4021 1110 4080 Nonio
1138 4022 1217 4082 citat
1244 3999 1360 4102 legunt¹

210 4134 300 4176 aerea
322 4115 438 4198 clamys,
472 4129 502 4178 et
529 4121 571 4180 sic
601 4123 699 4184 Gloss.
736 4125 809 4186 cod.
843 4129 884 4188 H.
898 4129 918 4190 6
928 4153 937 4200 ;
975 4132 1026 4191 sed
1053 4153 1218 4213 perperam.
1258 4135 1348 4216 Epid.

210 4234 276 4288 224.
318 4229 539 4302 “Indusiatam,
564 4233 1003 4316 patagiatam,.'..(tunicam.)”
1044 4244 1129 4303 Pru:
1151 4246 1224 4306 Lex.
1251 4247 1348 4310 Plaut

209 4337 226 4360 '³
234 4338 327 4410 Quod
346 4338 476 4400 honestis
499 4343 639 4405 matronis
659 4347 829 4428 passagium
852 4351 884 4409 id
904 4353 973 4411 viris
996 4355 1095 4414 clavus
1115 4367 1186 4417 erat.
1227 4359 1271 4419 Ita
1286 4361 1348 4422 dic·
