3250 5217
625 630 929 697 AULULARIA.
956 720 977 752 a
1343 635 1365 698 9

280 831 363 905 Aut
387 843 476 917 ture,
501 844 563 905 aut
587 834 678 917 vino,
706 759 1065 928 aulfflibemper
1091 780 1356 953 sulmffl
1366 754 1456 833 im

280 957 360 1030 Dat
385 957 475 1030 mihi
498 984 651 1031 coronas.
702 960 795 1055 Ejus
818 956 960 1030 honoris
982 959 1098 1053 gratia
1326 973 1363 1023 aa

278 1086 378 1172 Feci,
405 1087 608 1161 thesaurum
633 1100 675 1161 ut
700 1087 759 1161 hic
780 1090 949 1185 reperiret
975 1087 1114 1172 Euclio,

277 1210 361 1296 Quo
386 1212 485 1285 illam
511 1212 648 1285 facilius
673 1224 839 1309 nuptum,
866 1214 895 1285 si
922 1211 1040 1296 vellet,
1067 1212 1187 1284 daret:
1224 1263 1456 1410 W&

1203 1364 1253 1432 0,.
1273 1362 1283 1423 3

278 1335 374 1409 Nam
397 1340 599 1434 compressit
626 1365 701 1412 eam
730 1340 774 1413 de
800 1364 937 1429 summo
963 1337 1166 1411 adulescens
1188 1338 1201 1407 l

186 1544 192 1555 ἢ
279 1458 316 1533 Is
340 1462 406 1533 scit
432 1462 647 1548 adulescens
675 1488 751 1559 quae
778 1464 836 1547 sit,
863 1486 968 1558 quam
995 1463 1257 1559 compresserit3

279 1584 349 1658 Illa
374 1586 477 1658 illum
504 1588 626 1672 nescit,
653 1611 767 1682 neque
793 1612 1024 1683 compressam
1047 1600 1167 1659 autem
1190 1597 1300 1682 pater.
1326 1601 1364 1652 30

277 1706 370 1781 Eam
397 1736 461 1807 ego
485 1709 590 1783 hodie
616 1708 741 1783 faciam
768 1722 810 1782 ut
836 1705 895 1781 hio
920 1734 1028 1782 senex
1053 1668 1518 1814 demoxumocewfflwl

280 1830 355 1904 Sibi
382 1860 527 1906 uxorem
552 1847 691 1931 poscat:
718 1836 756 1907 id
782 1861 823 1907 ea
848 1832 974 1907 faciam
999 1836 1125 1931 gratia,

278 1958 361 2044 Quo
386 1961 448 2033 ille
473 1988 549 2035 eam
576 1962 714 2035 facilius
741 1963 857 2048 ducat,
886 1964 947 2059 qui
973 1974 1239 2059 compresserat:

278 2081 344 2156 Et'
357 2083 415 2158 hic
441 2088 502 2181 qui
527 2099 645 2182 poscet
671 2112 747 2158 eam
772 2086 839 2157 sibi
865 2112 1010 2157 uxorem
1035 2111 1151 2168 senen,

278 2210 315 2281 Is
341 2211 575 2285 adulescentis
599 2212 696 2284 illius
721 2223 774 2283 est
799 2212 1001 2290 avonculus,

277 2334 353 2420 Qui
380 2335 487 2409 illanc
514 2337 688 2431 stupravit
714 2348 832 2420 noctu,
860 2333 997 2408 Cereris
1021 2334 1165 2432 vigiliis.
1256 2371 1260 2379 ·

224 2523 242 2549 v.
255 2514 285 2551 24.
309 2514 342 2551 Ita
357 2513 394 2551 Bo.
409 2514 471 2559 Mas,
488 2514 520 2552 vel
533 2514 608 2562 aliquo,
624 2515 655 2553 vel
667 2514 753 2562 aliquid.
778 2515 797 2551 A
813 2514 892 2553 duobus
907 2513 961 2552 aa
976 2519 997 2553 et
1009 2516 1035 2560 A,
1047 2515 1105 2553 abest
1117 2516 1160 2561 out,
1177 2518 1199 2552 et
1209 2514 1283 2562 tegtmr
1295 2523 1331 2561 per
1344 2524 1366 2552 ae

176 2574 263 2621 olbam,
277 2576 367 2622 pendens
378 2586 390 2613 a
402 2578 463 2614 verbo
475 2576 584 2624 supplicat,
596 2576 629 2614 cui
641 2576 698 2625 gloss.
712 2576 789 2624 prabet
800 2575 826 2621 Δ,
838 2576 948 2623 suppraor,
960 2577 1069 2625 sacrificat,
1082 2576 1105 2613 in
1116 2576 1208 2623 margine
1218 2574 1364 2613 addimus-—

177 2636 206 2673 25.
220 2638 288 2684 oum,
303 2636 329 2673 Η.
343 2638 437 2681 6.-27.
451 2638 514 2683 mom,
527 2636 582 2686 prior
588 2636 632 2685 syll.
643 2648 700 2676 more
712 2636 816 2683 Plautino,
828 2637 942 2685 corripitru.
966 2639 1067 2685 mapsam,
1080 2648 1152 2676 omnes
1161 2637 1224 2676 codd.
1248 2636 1292 2674 Bo:
1303 2635 1364 2682 male,

178 2700 278 2745 nuptam·
294 2700 349 2747 quod
363 2698 426 2737 miror
439 2699 572 2738 novissimum
589 2698 657 2737 Plauti
671 2698 779 2745 Editorem,
796 2698 818 2735 0.
831 2698 858 2736 Η.
871 2698 945 2744 wate,
961 2701 1022 2737 tacite
1033 2698 1223 2748 umiae-ao.
1237 2699 1278 2739 llo:
1294 2702 1365 2738 eontra

177 2760 240 2799 fidem
248 2761 310 2799 codd.
319 2772 363 2801 com
370 2763 562 2810 ambratia——m
574 2762 603 2801 29.
616 2764 738 2808 adulescens,
749 2771 796 2799 curn
804 2771 871 2809 neque
878 2761 965 2808 interae,
977 2772 1042 2810 neque
1052 2762 1090 2801 eibi
1101 2762 1156 2810 ipsis,
1169 2762 1297 2802 consentiant
1308 2762 1363 2801 Man.

177 2824 203 2863 de
218 2826 279 2872 hujus
294 2826 349 2865 verbi
364 2826 513 2875 orthographia,
528 2826 574 2865 dedi
588 2826 662 2875 passim
678 2827 795 2865 aaubseam
808 2835 851 2863 non
866 2826 993 2867 Momm&
1009 2826 1065 2874 priua
1079 2827 1136 2865 arim
1149 2826 1230 2865 videm
1243 2838 1286 2866 esoe
1300 2826 1365 2876 magia

178 2888 304 2936 Plautinum,
320 2899 386 2938 neque
400 2894 455 2929 caret
469 2890 593 2939 optimorum
613 2890 679 2929 codd:
698 2889 893 2928 auctoritate—34
912 2890 945 2927 lta
959 2899 1031 2927 omnes
1045 2890 1120 2939 scripti,
1135 2890 1175 2928 nial
1186 2902 1241 2930 unm
1252 2892 1280 2930 H.
1293 2893 1312 2929 5.
1329 2890 1365 2941 qui

178 2952 302 2991 habetata
328 2953 370 2991 Bo:
382 2964 408 2993 ex
419 2956 504 3002 conject
516 2954 594 2992 atenim
1214 2950 1218 2955 ’

194 3097 209 3117 “
223 3094 244 3140 0
255 3094 321 3153 parvi
330 3095 448 3154 nostrique
460 3096 540 3153 Lares,
557 3110 614 3153 quos
625 3094 691 3139 thore
701 3094 743 3138 mi·
822 3115 996 3126 —---—
1008 3089 1154 3147 Laribusque
1165 3089 1269 3147 paternis

252 3176 308 3213 nato
825 3164 904 3212 lbaro
920 3166 990 3222 dabo,
1005 3172 1075 3224 atque
1089 3180 1169 3212 omnes
1185 3164 1254 3212 violae
1266 3164 1364 3224 jactabo

224 3241 273 3288 Aut
282 3241 341 3289 larre
352 3250 376 3289 et
384 3241 449 3290 tenui
460 3243 523 3289 soleo
533 3256 629 3288 exorare
638 3240 744 3287 cormao.¹'
853 3238 968 3286 colores.'’

181 3342 242 3400 Ubi
258 3344 350 3402 citant
366 3343 500 3421 Interpp.
520 3343 595 3401 Hor.
609 3344 667 3401 Od.
682 3341 743 3399 III.
797 3330 871 3387 H0r·
886 3330 945 3389 Od·
958 3351 1050 3409 supra
1064 3330 1111 3389 cii·
1133 3350 1163 3388 v·
1177 3338 1223 3400 15,
1239 3328 1284 3387 16.

181 3450 278 3491 xxm.
294 3442 321 3493 3.
883 3440 899 3463 ‘⁴
911 3436 999 3484 Parvos
1014 3445 1155 3484 coronantem
1169 3435 1260 3484 marino

268 3538 322 3585 “Si
336 3539 403 3585 thare
416 3537 518 3597 placaris
532 3546 555 3585 et
570 3538 643 3585 borna
912 3513 975 3560 R⁰¹⁰
990 3514 1046 3561 (¹2⁰⁸
1061 3512 1184 3572 stabilique
1198 3510 1302 3569 myst⁰·''

294 3614 370 3672 Fruge
386 3613 484 3661 [Μεθ’
835 3638 881 3691 84.
923 3629 1044 3712 Senem]
1084 3632 1276 3710 Megadorus.

181 3698 262 3758 Vide
276 3699 361 3758 Infra
374 3707 441 3769 339.

220 3824 267 3875 25.
308 3814 371 3873 Dat
399 3814 639 3893 mariamnae]
682 3814 746 3872 Has

180 3934 302 3992 quoque
330 3912 493 3971 Penatibus
519 3914 550 3971 in
571 3913 667 3991 capite
690 3914 745 3969 im·

180 4026 291 4089 ponere
318 4010 451 4069 solebant
477 4008 599 4087 antiqui.
644 4008 747 4087 [Infra

181 4105 266 4184 33¹]
302 4104 374 4164 ‘Juv’
388 4122 479 4182 'mm
493 4103 541 4160 οὔ·
555 4102 658 4161 elsat'
673 4102 747 4161 ΧΠ
796 4156 883 4205 nocte
897 4145 1057 4222 quaesierit,
1072 4145 1103 4202 in
1113 4144 1203 4201 AEtna
1215 4145 1361 4202 oberrans.

182 4206 228 4264 ⁸7·
244 4219 309 4277 s‘l‘l
575 4298 579 4307 1
659 4298 664 4309 ,
799 4242 838 4300 Et
851 4241 915 4300 deae
931 4240 1157 4318 appellabantur
1174 4237 1361 4319 θεσμοφόρω,

181 4308 198 4328 “
212 4302 272 4351 lude
283 4304 379 4351 domum
389 4308 503 4360 repetam,
518 4299 616 4357 eracles
625 4300 665 4347 Ub¹
676 4314 749 4358 parva
796 4335 837 4413 [i.
846 4356 871 4394 e·
885 4332 1049 4413 Legfferm
1059 4333 1146 4411 Virg.
1155 4332 1222 4390 AEn.
1231 4332 1287 4391 IV.
1296 4333 1362 4410 57]

241 4390 333 4422 (20er

212 4450 342 4510 Accipiunt
351 4449 426 4510 fragili
437 4449 563 4497 simulacra
574 4449 672 4497 aranas
686 4466 748 4499 cera.
799 4433 888 4509 Ceres
900 4440 930 4488 et
944 4429 1129 4506 Proserpina.
1170 4428 1294 4496 canna.

283 4548 300 4597 2

835 3768 881 3827 36.
924 3766 1039 3826 Cereris
1049 3766 1186 3846 vigiliis]
1209 3768 1275 3824 Τοῖς
1286 3768 1361 3823 θεσ-

795 3866 949 3943 μοφορίοις.
990 3864 1078 3922 Sacra
1103 3863 1167 3922 haec
1190 3884 1207 3921 a
1230 3862 1361 3920 mulieri-

795 3961 853 4021 bus
880 3960 1087 4039 jejunantibus
1114 3968 1260 4017 nocturna
1286 3958 1361 4018 cele·

795 4056 968 4121 brabantur,
983 4052 1064 4129 quod
1075 4053 1164 4111 Ceres
1174 4051 1265 4108 filiam
1277 4070 1362 4109 suam
