3250 5217
604 562 817 617 inclausus
843 566 1047 621 conluunt.

354 752 441 799 sasque
455 742 600 802 marginales
614 742 680 791 band
694 746 730 793 ita
745 746 899 809 spernanda,
920 748 1058 809 quibusque
1077 748 1168 809 μύω
1187 747 1219 795 ai
1234 748 1298 798 bne
1313 749 1423 797 tabulam

354 813 522 863 illustrandam
537 831 596 866 nsua
611 834 675 868 sum.

413 893 526 944 Continet
540 897 675 947 Comoedias
691 898 769 948 VIII.
787 900 883 948 easdem
898 916 959 962 quas
974 901 1052 963 Supra
1066 899 1187 951 dedimus.

239 1001 282 1060 H.
293 1008 320 1061 8.
412 1000 486 1059 Cod.
502 1002 587 1063 Harl.
618 1006 790 1068 Membran:
811 1029 868 1087 pro
884 1008 956 1067 Seru.
972 1007 1042 1067 XV.
1061 1008 1199 1081 habitus3
1220 1008 1273 1067 sed
1292 1018 1338 1069 est
1351 1019 1422 1068 aeta-

245 1112 312 1167 urs.
353 1094 401 1166 tis,
421 1106 456 1155 ut
476 1097 604 1171 videtur,
624 1100 777 1179 aliquanto
797 1103 977 1163 vetustioris.

411 1201 542 1264 Eleganter
559 1221 634 1255 manu
650 1207 737 1256 Italica
752 1209 868 1271 scriptus,
885 1210 911 1256 in
924 1209 1009 1270 honte,
1025 1218 1049 1257 et
1062 1210 1181 1271 prioribus
1196 1211 1314 1271 cujusque
1330 1210 1422 1259 fabule

351 1277 445 1340 litteris,
461 1280 627 1341 illuminatus,
643 1298 720 1332 scetus
731 1286 851 1347 cujusque
860 1285 947 1333 litteris
960 1286 1096 1334 initialibus
1108 1287 1184 1333 minio
1194 1295 1219 1335 st
1230 1287 1308 1335 colore
1321 1286 1423 1335 ceruleo

350 1352 431 1413 pictis.
463 1352 537 1413 Quod
547 1356 578 1403 ad
588 1359 761 1420 anctoritatem,
772 1360 915 1421 plerumque
924 1371 980 1407 curn
992 1358 1026 1405 fl.
1039 1361 1061 1418 l,
1073 1360 1203 1417 consentin
1215 1361 1315 1420 quicum
1325 1359 1421 1407 easdem

351 1424 455 1488 fabulas,
466 1429 582 1478 eteoclem
592 1431 675 1480 ordine
685 1432 816 1494 exhibitas,
830 1434 882 1481 stne
891 1433 978 1495 glossis
987 1434 1081 1481 notisve
1092 1433 1204 1481 continet.

237 1534 278 1593 H.
290 1541 318 1594 4.
410 1534 485 1594 Cod.
506 1537 592 1597 Harl.
605 1546 666 1601 4to.
687 1539 834 1599 Chartae:
857 1539 933 1601 Sne.
949 1539 1035 1599 XIV.
1056 1540 1105 1599 vel
1121 1540 1245 1601 fortasse
1261 1539 1336 1599 Soec
1351 1540 1419 1598 XV.

241 1645 309 1694 aaa.
350 1629 489 1689 ineuntis.

409 1738 510 1788 Litteris
530 1740 649 1805 Gothicis,
666 1743 778 1803 canenti,
794 1751 822 1791 ut
834 1743 913 1804 aiunt,
929 1742 994 1803 stylo
1007 1741 1151 1803 ἀκαίρως,
1166 1750 1191 1789 et
1206 1742 1272 1790 lectu
1289 1742 1421 1803 aliquando

349 1814 464 1865 difficilis.
495 1819 595 1867 Absunt
607 1819 694 1867 littera
704 1820 820 1880 initiales,
835 1828 929 1883 utque
943 1819 1029 1881 pictori
1042 1818 1168 1866 destinatas
1182 1826 1270 1880 eamr,
1283 1832 1328 1867 nec
1339 1828 1421 1867 tamen

348 1893 380 1940 ab
399 1906 428 1941 eo
442 1894 540 1943 effecta.
572 1896 685 1945 Continet
699 1895 778 1943 VIII.
796 1898 887 1959 priores
903 1896 1008 1955 tabulas,
1024 1895 1108 1943 eodeni
1121 1909 1170 1956 quo
1183 1895 1262 1957 Supra
1274 1895 1357 1943 ordine
1370 1895 1420 1943 dis·

348 1969 447 2031 positas,
463 1970 511 2019 nisi
524 1971 590 2034 quod
603 1980 684 2020 nostre
692 1971 785 2033 fabula,
795 1973 827 2020 ad
836 1974 926 2021 salem
939 1971 1036 2033 rejecta,
1047 1978 1110 2019 caret
1119 1971 1150 2019 iis
1162 1986 1218 2033 quas
1226 1979 1281 2033 post
1291 1985 1315 2021 r.
1325 1972 1378 2032 bil,
1393 1973 1420 2019 in

347 2044 448 2107 reliquls
458 2048 637 2109 exemplaribus
646 2049 769 2109 leguntur.

266 2192 274 2207 .
305 2192 312 2207 .
406 2151 480 2210 Cod.
511 2152 597 2212 Harl.
630 2154 805 2215 Membran:
836 2155 1014 2234 paginarum
1041 2158 1108 2212 234.
1157 2150 1232 2212 Saec.
1253 2147 1342 2211 XIV.
1372 2152 1421 2212 vel

297 2294 305 2309 .
346 2248 447 2329 potius
467 2248 560 2312 XIII.

405 2362 452 2410 Est
466 2362 554 2411 litteris
568 2364 678 2413 Gothicis
691 2365 808 2426 scriptum
825 2378 902 2425 eoque
915 2364 993 2425 pluris
1004 2362 1153 2411 auctoritatis
1165 2361 1231 2424 quod
1243 2374 1418 2423 nonnunquam

345 2438 433 2487 babeat
451 2439 565 2489 lectiones
584 2442 674 2489 ceteris
693 2441 826 2490 Codicibus
840 2442 984 2501 incognitas,
1008 2440 1067 2487 licet
1083 2438 1215 2488 identidem
1234 2453 1284 2501 pre
1304 2439 1418 2487 omnibus

345 2516 402 2564 aliis
414 2516 490 2564 indas
505 2517 613 2565 maculas
626 2516 747 2565 exhibeat.
781 2516 834 2565 Ρη
850 2531 876 2564 se
889 2515 936 2564 fert
947 2516 1098 2576 antiquitatis
1112 2516 1225 2579 speciem,
1242 2515 1351 2563 versibus
1365 2514 1418 2577 ple·

344 2605 448 2652 rumque
457 2591 577 2653 mutinae,
594 2591 736 2653 (memorum
750 2592 804 2653 lege
814 2589 922 2655 solatia)
932 2591 1057 2639 exhibitis.
1089 2589 1166 2638 Notas
1180 2590 1254 2638 babet
1262 2590 1417 2651 marginales,

344 2668 485 2731 glossasqns
503 2669 674 2731 interIneares,
695 2683 785 2730 paucas
804 2683 845 2717 aas
868 2668 977 2729 quinem,
1001 2682 1047 2716 nec
1066 2682 1127 2728 quas
1146 2681 1224 2728 opere
1245 2668 1350 2727 pretium
1369 2668 1418 2715 fuit

345 2760 517 2869 “effinse
532 2820 610 2871 v111.
624 2820 727 2881 sannae
744 2820 828 2869 mma
843 2820 921 2882 supr·
929 2828 1061 2868 mmm
1074 2819 1195 2881 rigam
1212 2819 1238 2867 a.
1249 2834 1271 2869 a
1286 2821 1417 2869 annun

345 2898 376 2945 ad
389 2898 480 2947 calcem
492 2897 589 2958 rejecta,
606 2905 631 2946 et
643 2898 675 2945 sd
692 2913 716 2946 s.
728 2898 781 2958 786,
798 2900 949 2954 οωῑίηιιιιας
963 2897 1008 2945 ubi
1025 2910 1080 2945 vero
1092 2896 1186 2945 librarii
1204 2907 1279 2943 manu
1294 2896 1415 2956 scribitur,

346 2974 452 3022 ”Plauti
466 2974 550 3023 Asinii
564 2983 641 3036 poeta
656 2974 783 3023 clarissimi
798 2974 899 3035 explicit
913 2974 1044 3022 Aulularia
1059 2972 1175 3021 Comedia
1194 2972 1310 3021 rom

300 3134 307 3147 .
403 3084 476 3143 Cod.
511 3083 597 3144 Harl.
625 3085 801 3144 Membran:
832 3082 973 3143 fohorum
991 3091 1039 3153 98.
1079 3083 1153 3143 Saec.
1175 3083 1245 3143 XV.
1264 3083 1396 3145 ineuntis
1404 3107 1414 3155 ς

344 3176 494 3257 siquidem
512 3178 545 3238 in
564 3180 623 3239 fine
641 3179 712 3240 libri
731 3188 826 3239 exstat
844 3179 939 3239 aerans
959 3198 1020 3237 suae
1039 3198 1153 3249 annus;
1173 3178 1256 3239 Vide
1275 3178 1369 3240 Infra

402 3288 482 3338 Manu
497 3290 585 3340 Italica
599 3299 727 3349 exaratusr
744 3290 847 3352 copiosis
859 3290 924 3338 notis
937 3290 1073 3351 glossisqne
1085 3288 1262 3351 marginalibus
1275 3291 1415 3353 mamertus,

342 3362 431 3425 partim
445 3377 476 3412 ex
489 3364 570 3413 Nonio
582 3366 697 3427 laudatis,
710 3366 799 3429 partim
812 3366 908 3413 incerta
921 3364 1036 3425 originiss
1052 3363 1105 3425 bas,
1116 3365 1180 3413 sicut
1193 3372 1218 3413 et
1231 3364 1329 3415 Codicis
1344 3367 1414 3427 tiu,

342 3439 434 3500 passim
449 3440 475 3487 in
490 3440 613 3489 Glossarin
631 3454 686 3490 meo
706 3440 845 3490 intertexui.
877 3441 960 3489 Habet
974 3440 1065 3502 prlorss
1080 3441 1199 3504 cujusque
1214 3441 1305 3490 fabule
1323 3443 1416 3492 litteras

341 3514 501 3576 mammeas,
517 3524 612 3565 cem
627 3518 732 3565 mana
748 3518 869 3566 onmes.

402 3588 515 3639 Continet
530 3590 665 3640 Comoedias
681 3602 734 3641 octo
746 3593 799 3651 jam
814 3592 901 3653 dictu,
921 3591 1053 3640 AnlularIa
1069 3591 1101 3639 sd
1118 3592 1191 3640 tinem
1206 3592 1310 3651 rsjmta3
1328 3596 1371 3644 sed
1387 3605 1415 3645 ut

342 3663 369 3711 in
384 3665 475 3713 certeris
487 3665 519 3712 ad
536 3680 559 3715 v.
570 3665 624 3727 786,
639 3674 736 3714 tantum
750 3667 896 3715 mntinuata.
929 3665 1083 3714 Tenninatur
1097 3666 1159 3714 liber
1173 3666 1315 3730 hieremia,

357 3752 456 3816 ἏΓΑθῇ
467 3755 553 3816 τΰχΗ.
565 3754 597 3802 Ἦ
612 3756 708 3804 BcBhos
722 3758 769 3803 τοῦ
784 3758 932 3819 Σωζομένου.
948 3758 1032 3805 rebor.
1048 3757 1115 3805 Kst‘
1130 3758 1229 3806 Sextilis
1243 3757 1412 3809 M.cccc⁰xv.

227 3862 269 3921 H.
280 3871 307 3930 7.
380 3935 384 3942 ¹
401 3864 475 3925 Cod.
496 3865 582 3925 Harl.
602 3866 746 3927 Chartae:
762 3868 827 3927 Fol.
849 3869 1003 3929 continens
1017 3869 1253 3931 Commentarios
1265 3871 1299 3930 in
1311 3872 1413 3932 Plauti

232 3974 300 4022 atet.
342 3960 512 4020 Comoedias
538 3961 629 4020 VIII.
657 3962 797 4022 foliorum
821 3972 867 4024 85.
908 3965 982 4025 Soec.
1000 3963 1072 4023 XV.
1107 3976 1142 4025 ut
1170 3965 1294 4044 quidem
1320 3976 1411 4026 testa-

341 4064 392 4113 tur
411 4054 525 4115 librarii
543 4073 657 4131 murus,
682 4076 760 4118 anno
786 4078 850 4130 suo,
870 4058 1214 4132 Mtocccnxxvnl,
1241 4061 1280 4120 ad
1300 4061 1411 4120 calcem

340 4159 511 4209 memorato.

405 4257 489 4307 Codex
503 4256 552 4322 hic,
568 4262 623 4325 (cui
640 4258 740 4309 titulum
756 4261 835 4311 Coss:
855 4260 914 4310 Ms:
935 4263 961 4309 ln
979 4264 1043 4311 notis
1058 4263 1121 4312 mels
1134 4278 1162 4311 ac
1176 4261 1291 4323 glossario
1308 4261 1410 4323 indidi)

341 4348 389 4384 non
406 4345 442 4387 ett
456 4338 505 4387 nisi
520 4340 710 4393 Commentarius
730 4342 756 4389 in
771 4350 824 4391 octo
843 4341 926 4390 Plauti
942 4340 1048 4402 fabulas,
1065 4341 1119 4393 scil.
1136 4340 1229 4402 Ampb.
1248 4340 1321 4389 Asin.
1338 4341 1410 4404 Capt.
