3250 5217
168 567 171 573 ·
278 528 342 591 120
686 520 990 587 GLOSSARIUM

328 740 355 797 7.
404 722 487 813 Sic]
536 726 578 811 ι]
593 748 658 809 you
677 729 795 808 pom.
845 731 905 788 Pro
919 729 953 788 se
969 730 1030 793 21⁸,-
1047 728 1130 786 mm
1143 727 1189 787 61.
1204 738 1259 787 etc.
1273 738 1307 786 ut
1320 726 1412 796 suno,

273 875 330 933 pro
342 855 367 913 ei
381 853 467 913 vultis
487 863 517 912 et
530 852 625 912 simill.
668 853 747 911 Men.
762 850 828 911 264.
850 850 887 908 G.

328 1046 355 1096 8.
405 1027 461 1101 Ut
477 1028 611 1101 incedit
622 1030 646 1119 !]
694 1031 780 1094 How
799 1034 855 1094 ohe
872 1034 1001 1111 oreepo!
1041 1035 1124 1093 Infra
1138 1041 1203 1101 427.
1218 1042 1284 1101 475.
1324 1034 1410 1094 Cure.

274 1164 319 1215 31.
340 1163 405 1226 293.
447 1154 535 1213 Adde
555 1153 629 1211 Hor.
649 1153 708 1212 Sat.
727 1153 750 1209 Ι.
772 1171 813 1210 w.
835 1159 898 1211 112.
940 1150 1155 1229 “Quocunque
1174 1150 1268 1209 libido
1287 1159 1341 1219 est,
1360 1144 1419 1207 Ire-⁴

272 1264 337 1324 cedo
357 1265 461 1323 solun?
501 1262 532 1337 (1
552 1262 670 1339 lonnge,
691 1261 772 1320 chol}
799 1261 911 1339 along.)
953 1258 1032 1320 Vide
1053 1264 1132 1321 Men.
1147 1268 1211 1327 787.
1233 1261 1269 1318 G.

325 1496 375 1507 -
400 1447 458 1520 At
483 1448 566 1519 scin'
593 1444 766 1543 quomodo
776 1448 811 1535 Ρ]
855 1456 922 1516 Hoc
944 1458 1018 1526 loco,
1046 1468 1079 1516 ut
1100 1468 1131 1515 et
1154 1456 1237 1515 Infra
1255 1454 1321 1525 786,
1348 1455 1412 1515 haec

273 1580 364 1638 verbe
375 1588 476 1656 aperte
489 1573 618 1634 minandi
632 1576 693 1633 vim
705 1574 824 1635 habent.
864 1574 922 1633 Sed
935 1585 1015 1635 recte
1028 1578 1166 1634 observat
1178 1574 1292 1634 Acidel.
1307 1572 1410 1651 (quem
1451 1606 1457 1618 =

275 1689 377 1749 citavit
390 1687 451 1745 Bo:
465 1687 504 1746 cd
516 1687 627 1765 Amph.
642 1690 724 1767 200.)
748 1687 868 1746 ”Aliud
881 1688 951 1747 alibi
965 1688 1248 1767 subintelligendum
1261 1687 1298 1746 de
1311 1687 1409 1765 proxi-

273 1802 330 1859 mis
347 1801 459 1878 ubique
472 1801 602 1860 verbis.“
640 1800 721 1859 Nam
734 1800 894 1880 aliquando
909 1802 984 1861 nihil
1000 1802 1068 1880 plus
1081 1801 1181 1865 valent
1194 1821 1283 1879 quam
1297 1799 1410 1869 Audin’,

272 1909 356 1978 Ades,
385 1906 538 1977 Credame,
562 1907 665 1986 [Infra
688 1908 774 1989 263.]
795 1919 825 1968 et
848 1909 945 1968 simill.
985 1909 1082 1968 Graeci
1106 1909 1219 1977 dicunt,
1242 1907 1319 1965 Ἀλλ’
1342 1905 1415 1991 οἶσθ’Ι

271 2023 288 2080 6
308 2049 354 2095 μοι
374 2020 535 2081 πεπονθέναι
556 2022 657 2093 δοκεῖς
679 2024 770 2083 Arist.
792 2024 869 2102 qu·
891 2024 957 2085 346.
977 2035 1033 2083 etc.

326 2221 354 2282 9.
403 2202 447 2277 111
465 2209 625 2297 manum]
673 2210 749 2274 Into
764 2231 816 2292 my
831 2211 930 2272 hond.
972 2218 1039 2275 vid.
1059 2218 1139 2277 Men.
1154 2218 1220 2285 765.
1234 2218 1270 2277 G.
1312 2218 1408 2277 “Jam

271 2333 425 2393 stimulum
445 2331 476 2391 iu
496 2354 609 2391 monum
628 2336 700 2392 est.”

327 2536 372 2587 10.
420 2518 679 2593 Testudineum
695 2519 872 2618 giadum]
902 2526 1150 2610 Tortoiee-pooe.
1180 2535 1255 2595 H.e.
1278 2534 1407 2613 Pigrum.

270 2650 299 2708 A
325 2648 471 2723 testudine,
506 2650 617 2729 quippe
644 2671 712 2728 quae
738 2650 904 2712 tardissime
929 2652 1055 2712 incedat.
1096 2653 1190 2721 Simili
1212 2673 1299 2713 sensu
1323 2652 1409 2712 Nost

270 2761 353 2820 Men.
367 2769 433 2828 787.
468 2772 487 2797 ‘⁴
498 2763 590 2822 Move
596 2762 785 2842 formicinum
797 2764 948 2843 gradum.''
983 2765 1023 2823 Et
1036 2764 1119 2824 Poen.
1134 2774 1200 2832 375.
1234 2766 1409 2824 “Homines

268 2873 560 2955 epiesigrodiesumoe,
581 2877 737 2937 Tardiores
751 2899 842 2957 quam
858 2879 980 2938 corbitae
996 2889 1065 2937 sunt
1081 2879 1114 2936 in
1130 2879 1292 2957 tranquillo
1309 2878 1408 2939 mari?

270 2985 382 3065 Amph.
395 2986 443 3045 cit.
458 2988 530 3045 Infr.
573 2988 674 3048 “Sive
686 2989 712 3047 is
727 2989 867 3067 (gradus)
880 2989 1076 3067 grallatorius,
1091 2989 1162 3049 Sive
1176 2988 1407 3049 testudineus.''...

283 3262 287 3268 ῃ
323 3223 373 3237 --
398 3174 610 3271 Grandib0.]
658 3185 717 3250 I'll
733 3188 881 3269 quiokon.
917 3194 1122 3265 Grandiorem,
1137 3194 1193 3253 hoc
1207 3205 1251 3254 est
1264 3198 1408 3274 majorem,

269 3307 396 3385 ideoque
418 3306 602 3378 velociorem,
631 3308 746 3368 faciam.
787 3308 899 3387 Amph.
928 3309 994 3389 [Sc.
1016 3308 1071 3369 Dii
1083 3311 1186 3387 fidem,
1208 3312 1283 3391 etc]
1314 3331 1342 3368 v.
1364 3319 1409 3370 12.

269 3418 360 3479 “Sed
376 3420 517 3500 grandim
532 3422 673 3482 condecet
687 3422 828 3500 gradus.''
844 3433 874 3482 et
892 3431 937 3484 53.
979 3423 1080 3485 “Non
1096 3426 1248 3503 potuimus
1266 3424 1409 3503 grandius

266 3527 379 3606 gradus
396 3529 565 3605 grandire.’'
606 3529 693 3590 Cure.
717 3540 781 3601 119.
822 3539 841 3565 “
855 3530 1043 3592 Grandiorem
1060 3533 1184 3613 gradum
1210 3535 1257 3593 fac
1278 3535 1315 3593 ad
1335 3538 1408 3594 me.''

132 3603 134 3607 V
197 3643 199 3646 ’
269 3639 360 3718 Epid.
377 3647 422 3697 11.
463 3648 483 3675 “
494 3641 582 3700 Uttu
595 3662 626 3700 es
636 3640 778 3718 gradihus
788 3641 951 3721 grandibus
960 3646 989 3700 !”
1007 3644 1100 3722 (How
1112 3665 1173 3722 you
1187 3646 1278 3704 stride
1291 3666 1374 3723 away
1384 3626 1447 3723 !)'‘

325 3849 370 3899 11.
417 3830 611 3920 Adaxint]
657 3832 747 3920 Urge
763 3853 829 3905 me;
849 3834 939 3894 drioe
952 3853 1010 3895 me·
1051 3841 1109 3898 Pro
1121 3838 1280 3918 adegerint,
1295 3840 1408 3901 Festus.

268 3961 311 4019 At
330 3980 385 4037 pro
405 3958 535 4037 adigant,
556 3956 636 4013 Non.
651 3956 722 4032 Cap.
737 3955 777 4012 ΙΙ.
796 3961 843 4013 53.
864 3954 951 4012 allato
967 3953 1024 4013 hoc
1039 3963 1131 4013 textu.
1173 3955 1222 4014 Sic
1240 3953 1332 4013 Facis
1350 3975 1405 4034 pro

257 4070 379 4148 seceris,
404 4092 455 4131 seu
465 4068 580 4149 faciae.
621 4068 701 4126 Men.
722 4075 767 4133 37.
809 4067 892 4125 Infra
911 4066 976 4127 106.
995 4068 1048 4125 &c
1089 4068 1132 4126 Et
1147 4068 1221 4146 Leg.
1240 4068 1312 4127 XII.
1334 4069 1407 4127 Teb.

269 4182 332 4241 “Si
345 4184 452 4243 falsum
465 4181 667 4242 testimonium
680 4178 809 4249 dicauit,
825 4178 895 4256 (pro
907 4176 1037 4256 dicerit,)
1052 4197 1122 4238 saxo
1134 4179 1294 4260 dejicitor?
1323 4181 1402 4241 emt

270 4294 378 4352 Lm:
393 4294 460 4353 Ter.
476 4291 605 4371 Adelph.
622 4291 645 4348 Ι.
660 4310 696 4348 11.
711 4299 757 4350 31.
798 4289 878 4347 “Tu
891 4289 980 4347 homo
992 4288 1092 4367 adiges
1104 4310 1147 4349 me
1160 4291 1199 4348 od
1210 4290 1378 4350 imcon'omss¹
