3250 5217
566 604 616 668 IN
644 599 985 666 AULULARIAM.
1277 595 1338 667 181‘

263 820 329 882 590.
376 801 519 900 Ecquid
538 804 613 900 agis
624 800 662 895 ?]
709 811 859 877 Formula,
887 805 927 868 do
943 826 1007 887 you
1023 804 1115 867 mind
1130 807 1218 868 witot
1234 809 1256 869 I
1270 809 1350 889 aoy?

207 930 351 991 Similiter
371 929 422 988 hoe
443 927 517 1007 agis,
538 929 588 986 loc
609 949 685 1007 oge,·
709 937 764 986 etc.
806 928 994 986 Contrarium
1014 938 1059 985 est
1079 926 1161 985 eliud
1181 927 1254 1006 agie,
1276 927 1353 987 alius

209 1065 256 1102 rea
274 1043 349 1122 agis,
369 1042 451 1119 (You
471 1062 520 1100 are
539 1051 593 1099 not
612 1039 789 1116 attending.)

260 1222 329 1283 591.
377 1204 506 1297 Porta]
548 1209 642 1290 Drap
658 1210 694 1270 il.
733 1212 867 1290 Depone.
907 1211 987 1270 Citat
1010 1211 1120 1270 Lm:
1157 1211 1232 1269 Hor.
1248 1211 1306 1290 Ep.
1328 1212 1353 1270 1.

211 1356 275 1396 xvi.
289 1344 335 1396 35.
376 1340 395 1368 “
403 1335 491 1404 Pone,
511 1353 612 1393 meum
634 1343 687 1404 est,
708 1331 816 1411 inquit.
838 1330 926 1400 Poao,
948 1328 1102 1406 tristisque
1122 1328 1255 1387 recedo.”
1294 1329 1355 1389 Sed

211 1468 280 1508 cum
305 1448 394 1524 longe
419 1444 501 1504 aliud
527 1443 672 1523 significet
694 1443 751 1501 hoc
771 1442 906 1510 verbum,
930 1461 966 1498 eo
991 1458 1081 1498 sensu
1102 1459 1232 1519 nequam
1252 1459 1355 1500 servus

211 1559 331 1619 ridiculi
351 1579 439 1619 causa
458 1557 574 1635 accipit.

273 1769 326 1782 -
382 1720 552 1814 Daiara]
601 1736 645 1793 Eo
663 1753 750 1794 sensu
768 1752 830 1810 quo
847 1732 994 1790 “dotatim
1012 1731 1124 1819 ludere”
1142 1732 1174 1790 in
1187 1733 1274 1791 Cure.
1289 1741 1356 1793 300.

215 1857 267 1916 ubi
286 1856 400 1914 dotores
423 1862 454 1913 et
461 1851 596 1930 suctores
615 1861 685 1910 sunt
708 1849 761 1929 qui
784 1848 922 1909 “faciant
943 1848 1079 1908 vicibus''
1098 1859 1134 1907 ut
1147 1849 1190 1907 ait
1205 1850 1276 1908 Juv.
1297 1850 1357 1908 Sat.

212 1963 286 2023 vil.
308 1971 374 2024 240.
402 1962 421 2020 i.
435 1982 460 2020 e.
481 1971 570 2040 agant
588 1980 624 2020 ac
645 1961 803 2038 patiantur.
846 1959 931 2018 idem
951 1959 1047 2017 estin
1070 1958 1137 2017 Cas.
1157 1965 1224 2019 253.
1266 1959 1357 2033 “Qui

215 2075 321 2136 didicit
340 2074 438 2132 dare.”

270 2258 336 2320 592.
380 2237 583 2330 cavillam]
621 2243 804 2323 Qutbbling.
837 2249 1034 2328 captationes.
1058 2247 1207 2321 ''Caville,
1220 2249 1361 2310 derisio.“

218 2375 313 2434 Gloss.
335 2373 408 2431 God.
432 2370 473 2428 H.
488 2379 515 2430 2.
555 2371 639 2429 Fest:
660 2368 881 2442 ”Ineavillatio,
903 2390 957 2449 per
980 2369 1155 2448 despectum
1179 2369 1306 2431 irrisio.“
1329 2373 1360 2430 in

217 2504 307 2564 quem
326 2483 410 2542 Dec:
435 2479 598 2551 Cauillutio,
618 2479 780 2552 frustratio,
797 2501 853 2558 per
869 2479 1007 2540 fraudem
1021 2480 1127 2539 irrisio·
1167 2481 1360 2554 Glossarium,

220 2591 383 2662 Cavillutia
400 2587 502 2671 ἐνέδρα,
517 2588 632 2658 ἀπάτης
653 2590 672 2648 i.
686 2611 712 2650 e.
732 2590 857 2662 insidiae,
873 2592 962 2650 fraus.
1003 2591 1127 2671 Papiam
1140 2593 1211 2653 citat
1224 2594 1256 2652 in
1268 2615 1362 2673 marg.

218 2705 290 2764 Cod.
313 2705 353 2763 Η.
366 2703 394 2764 6.
435 2699 586 2774 '’Cavilla,
606 2702 761 2762 cavillatio.
804 2702 967 2774 Cavillutio,
990 2704 1145 2775 calumnia,
1163 2707 1250 2786 jocus
1271 2708 1360 2766 urba·

218 2838 282 2877 nus.
324 2814 492 2886 Cuoillotor,
512 2815 637 2884 mordet,
658 2814 783 2875 deridet.
825 2816 975 2886 Covillum,
992 2818 1079 2897 jocus
1099 2839 1168 2878 cum
1188 2819 1353 2879 convicio.“

189 3071 198 3087 ,
275 3012 342 3084 596.
389 3005 548 3098 Lari'lae.]
576 3012 705 3074 Laroae.
738 3017 821 3077 Hinc
835 3025 853 3054 “
863 3019 1039 3078 Luriiatus.''
1065 3021 1150 3080 Men.
1164 3028 1230 3091 789.
1242 2999 1362 3081 'Gnonz

221 3141 302 3199 Leet
325 3138 422 3197 Plaut
462 3136 595 3196 ''Larcis
615 3146 701 3217 utque
721 3137 887 3218 intemperie
907 3137 1027 3217 agitari,
1055 3139 1202 3216 significat
1223 3138 1362 3211 insanire,

220 3262 320 3313 mente
332 3264 447 3312 motum
460 3272 524 3311 esse
536 3271 591 3330 per
606 3271 761 3312 occursum
773 3253 932 3321 larvarum,
947 3251 980 3310 id
993 3263 1038 3311 est
1051 3262 1244 3330 specttorum.
1278 3255 1363 3335 Capt-

222 3371 287 3424 525.
328 3362 466 3421 “Luriiae
491 3362 643 3420 stimulant
663 3362 788 3422 virum.''
830 3363 921 3422 Ovid.
945 3363 991 3423 lb.
1032 3363 1220 3424 “Factorum
1245 3367 1363 3427 veniam

221 3495 334 3535 memor
350 3476 456 3533 umbra
468 3482 597 3543 tuorum,
618 3472 763 3553 Insequar
780 3485 810 3534 et
823 3474 924 3533 vultus
941 3495 1023 3535 ossea
1041 3476 1125 3534 larva
1138 3480 1232 3536 tuos.”
1272 3480 1364 3558 Apul.

171 3577 173 3583 ⁵
222 3587 351 3667 Apolog.
391 3583 587 3644 “Mercurius
608 3582 664 3641 tibi
686 3603 742 3662 pro
763 3584 821 3643 isto
841 3585 1005 3655 mendacio,
1024 3586 1169 3667 quicquid
1188 3592 1362 3649 umbrarum

222 3710 266 3759 est
289 3717 425 3778 usquam,
446 3694 591 3773 quioquid
609 3695 767 3766 lemurum,
787 3696 932 3776 quicquid
949 3697 1107 3769 larvarum,
1129 3700 1223 3759 oculis
1240 3701 1300 3759 tuis
1319 3703 1365 3760 in-

224 3814 361 3891 gerat·''“

281 4002 346 4065 598.
394 3981 553 4073 Fetere]
594 3987 697 4051 Malta
722 3989 913 4073 consession-
947 3994 1109 4053 ''Fotemur
1138 3996 1217 4056 enim
1243 3999 1367 4057 coacti.“

225 4120 305 4179 Vide
331 4117 427 4176 Gloss.
452 4115 484 4172 in
513 4115 594 4173 Men.
613 4122 679 4175 545.
718 4114 802 4174 Infra
822 4115 888 4186 691.
910 4115 976 4185 695.
1022 4116 1170 4196 Exemplo
1195 4117 1261 4187 erit,
1290 4118 1365 4176 Hor.

225 4234 285 4292 Set.
311 4227 462 4294 11.1.76.
504 4225 630 4284 “Invito
645 4224 792 4303 fatebitur
819 4248 913 4305 usque
942 4228 1085 4286 Invidia.”
1124 4228 1245 4299 Contra,
1273 4230 1365 4309 Apul.

228 4342 300 4400 Met.
321 4338 387 4396 Lib.
407 4335 466 4395 ΙΙΙ.
508 4336 608 4412 “Ego,
621 4335 736 4414 inquit,
757 4336 822 4414 ipsa
839 4337 977 4411 confiteor
996 4337 1094 4395 altro?
