3250 5217
577 550 629 613 IN
655 550 997 616 AULULARIAM.
1298 552 1362 617 125

280 754 328 805 45.
372 738 558 833 Aramis]
602 750 759 814 Comen.
800 755 1124 827 ov.Met.1v.179.
1166 757 1265 815 “uon
1291 757 1367 815 uuo

224 887 299 955 opus
323 870 495 930 tenuissima
515 873 635 933 vincant
656 873 798 945 Stamina,
821 895 882 933 non
903 894 1019 933 summo
1040 894 1107 951 quae
1123 875 1235 953 pendet
1255 894 1367 934 oroneo

221 982 332 1061 tigno.”
373 983 454 1060 (The
468 986 591 1063 spider's
604 985 687 1067 weh.)
716 987 917 1046 CitatLAnu:
939 987 1045 1046 catull.
1060 988 1099 1045 ad
1113 988 1229 1048 Fabull.
1244 990 1367 1051 C.x111.

224 1095 332 1153 “Nam
351 1098 396 1155 tui
417 1097 526 1157 Catulli
548 1099 657 1157 Plenas
675 1100 809 1159 sacculus
829 1110 874 1159 est
893 1101 1096 1158 aranearum.’'

277 1267 324 1329 46.
372 1262 523 1349 Mirum,
547 1265 699 1362 quin...]
747 1271 904 1352 Strnngn,
929 1272 1001 1333 thot
1023 1271 1063 1333 Ire
1086 1271 1159 1333 does
1181 1278 1282 1335 not...
1310 1280 1368 1338 Co-

221 1392 298 1451 mica
317 1391 410 1452 dictio
429 1394 531 1453 ironiis
554 1397 703 1455 serviensr
726 1396 800 1454 Pan.
824 1395 876 1473 qui
892 1395 1022 1474 plurima
1042 1394 1178 1473 exempla
1199 1416 1234 1455 ex
1254 1396 1368 1457 Nostro

222 1504 293 1563 citat
299 1528 309 1575 ;
341 1507 411 1565 satis
431 1507 488 1567 erit
504 1509 648 1577 conferre,
670 1507 782 1586 Amph.
802 1516 868 1578 598.
909 1514 930 1542 “
939 1507 1063 1578 Mirum,
1084 1508 1153 1587 quin
1171 1518 1200 1568 te
1223 1510 1367 1571 advorsus

220 1613 325 1674 dicat”
367 1614 509 1696 (Strange
531 1618 649 1688 indeed,
676 1619 742 1681 that
768 1638 845 1700 your
866 1638 934 1676 own
956 1630 1075 1680 servant
1094 1619 1202 1679 should
1222 1632 1276 1681 not
1296 1642 1366 1682 con·

220 1728 328 1787 tradict
349 1750 425 1808 your
452 1730 618 1809 assertion)
658 1730 731 1789 cist
751 1731 817 1791 460.
859 1739 878 1765 “
887 1731 1009 1803 Mirum,
1030 1730 1099 1817 quin
1120 1753 1194 1810 grex
1216 1734 1366 1793 venalium

219 1844 251 1901 in
271 1844 382 1904 cistella
400 1846 525 1905 infuerit
543 1849 627 1905 una”
669 1845 764 1921 (Odd,
785 1847 814 1905 if
828 1847 912 1905 there
932 1847 970 1905 be
990 1850 1111 1925 not...)

273 2029 321 2089 47.
368 2011 625 2111 Triveneficai]
675 2021 745 2084 You
762 2020 997 2109 hugoflhags!
1034 2021 1163 2101 Interpr.
1183 2024 1275 2101 Angl.
1316 2025 1366 2084 Sic

217 2144 381 2205 lnfra281.
425 2144 611 2223 Tusurcsfer.
642 2143 723 2203 Nam
740 2142 796 2202 Tri
808 2152 900 2220 auget
913 2140 1167 2219 significationem.
1198 2141 1247 2200 Sic
1260 2141 1365 2201 Graeee

218 2256 369 2337 τρίδουλος,
389 2255 532 2338 τριγέρων,
551 2262 697 2338 τρίπαλαι,
718 2256 829 2334 [Arist.
845 2256 923 2333 qu.
944 2254 1048 2333 1153.]
1069 2262 1126 2312 ete.

273 2437 320 2498 49.
368 2417 526 2509 Patior]
575 2427 746 2488 [submit.
790 2433 873 2491 Men.
896 2440 961 2502 592.
983 2430 1020 2489 G.

272 2622 319 2674 54.
363 2602 613 2708 Extempulo.]
662 2612 856 2674 Fortltwitlr.
892 2619 1019 2697 Antiqu.
1039 2639 1094 2698 pro
1112 2617 1256 2697 extemplo.
1279 2618 1362 2694 (narn

217 2734 368 2814 tempotum
388 2756 444 2814 pro
467 2735 597 2815 templum
617 2734 764 2805 dicebant,
783 2746 819 2794 ut
837 2730 959 2796 seculum
978 2736 1138 2807 eteoclem,
1160 2736 1309 2796 nuculeum
1332 2747 1364 2795 et

216 2845 353 2917 nucleum,
378 2846 484 2925 [Cure.
498 2848 564 2939 55]
578 2846 748 2926 periculum,
764 2846 916 2925 periclum,
934 2851 1003 2929 dre.)
1043 2850 1191 2907 Caeterum
1212 2849 1250 2907 de
1269 2847 1361 2927 hujus

216 2959 297 3017 vocis
317 2960 508 3038 Etymologia
528 2960 599 3019 citat
619 2960 704 3018 Pan:
733 2961 857 3020 Meursii
880 2962 1063 3031 sententiam,
1085 2961 1197 3020 ”Nihil
1218 2970 1263 3019 est
1281 2958 1363 3018 aliud

216 3067 352 3147 extemplo
374 3088 464 3146 quam
486 3068 551 3126 ilico
573 3068 763 3128 adverbium:
789 3067 871 3147 quod
890 3070 983 3129 eloco
1002 3070 1234 3147 interpretantur
1256 3069 1362 3128 Gram-

214 3182 332 3241 matici:
363 3181 464 3260 [Men.
485 3190 551 3262 359.
572 3182 629 3261 Ga]
673 3179 819 3260 Templum
847 3182 926 3240 enim
953 3181 1068 3259 antiqui
1095 3178 1282 3258 accipiebant
1307 3199 1363 3258 pro

215 3296 280 3353 loco
302 3295 405 3373 patulo
428 3304 457 3353 et
480 3293 649 3372 conspicuo,
672 3294 778 3352 velex
799 3313 860 3370 quo
880 3294 913 3351 in
934 3313 1036 3352 omnes
1056 3304 1155 3371 partes
1175 3291 1362 3370 circumspici

214 3410 344 3485 posset“
383 3401 478 3463 Addit
504 3402 602 3465 Facu:
631 3400 711 3460 hunc
738 3401 841 3471 citans,
863 3401 994 3480 ”Itaque
1013 3412 1047 3460 ut
1066 3401 1217 3481 evestigio
1236 3401 1363 3461 dicimus

214 3534 270 3593 pro
289 3513 407 3579 atatim
429 3514 471 3572 ita
490 3512 556 3571 ilico
574 3514 594 3570 i.
608 3534 633 3571 e.
651 3534 667 3571 e
683 3511 751 3582 loco,
772 3521 802 3571 et
820 3512 965 3593 extemplo.
1005 3513 1099 3571 Porro
1116 3512 1172 3573 hac
1190 3512 1303 3571 ratione
1323 3513 1361 3571 ab

213 3628 346 3706 auguriis
368 3627 491 3686 fortasse
512 3626 603 3686 traxit
624 3625 780 3703 originem,
801 3626 834 3683 in
857 3625 968 3702 quibus
988 3647 1127 3705 augures,
1151 3627 1285 3707 auspicio
1305 3627 1361 3684 im-

213 3749 338 3817 petrato,
358 3738 489 3797 continuo
508 3758 542 3796 ex
561 3736 662 3816 templo
681 3743 766 3815 capto
784 3735 977 3806 discedebant,
999 3736 1089 3797 deum
1106 3738 1289 3817 exploratam
1310 3757 1362 3795 vo·

213 3853 357 3912 luntatem
376 3852 572 3911 nuntiaturi.“

269 4013 316 4075 56.
363 4002 582 4097 pistillum]
626 4012 780 4094 Aperite.
827 4019 857 4078 A
874 4019 951 4098 piro,
973 4019 1036 4095 (To
1055 4018 1186 4097 pouud.)

267 4227 316 4237 ··-
358 4178 606 4273 Mortal'ium.]
651 4188 836 4257 Amorion
878 4206 898 4231 “
908 4196 945 4254 In
965 4216 1026 4274 quo
1048 4205 1197 4279 teruntur¹
1210 4216 1277 4274 quae
1302 4198 1359 4257 sol·

213 4314 308 4383 venda
336 4317 432 4375 sunt.‘'
456 4313 535 4372 Non.
562 4336 586 4374 c.
606 4334 655 4373 xv.
683 4314 730 4373 all.
754 4315 784 4373 h.
799 4325 819 4373 t.
863 4314 987 4372 Ducunt
1021 4312 1164 4391 Etymoll.
1186 4312 1232 4373 vel
1259 4334 1277 4373 a
1302 4333 1359 4371 mo-
