3250 5217
271 571 336 634 184
686 568 996 635 GLOSSARIUM

331 813 381 828 -
438 768 671 861 Concessere]
720 775 795 838 Wlt
810 781 881 857 step
898 775 998 838 aride.
1045 780 1126 839 Men.
1141 774 1221 840 sr-ess

319 973 386 1034 622.
435 964 597 1041 Sublevit
620 963 687 1057 os]
729 979 845 1039 nucum
862 980 955 1051 fene
975 979 1076 1039 uum
1102 979 1183 1040 vue
1203 981 1289 1039 uon
1310 979 1412 1038 ”sut-

270 1097 368 1168 linere,
390 1098 435 1157 vel
452 1097 576 1156 oblinere
595 1117 627 1156 oc
646 1096 745 1168 alicui,
766 1099 907 1176 frequens
936 1098 1017 1177 apud
1038 1099 1180 1158 Plautum
1198 1120 1255 1180 pro
1273 1099 1411 1179 decipere.

269 1213 457 1272 Translatum
470 1232 507 1272 ex
523 1232 614 1283 more,
629 1232 689 1290 quo
702 1223 826 1281 veteres,
840 1212 985 1290 imprimis
998 1212 1105 1291 puellee
1124 1213 1223 1272 virum
1237 1223 1412 1290 quaerentes,

268 1324 375 1384 faciem
400 1325 542 1392 linebant,
570 1335 605 1382 ut
627 1342 728 1381 nevos
754 1323 944 1393 occultarent,
972 1333 1025 1382 aut
1051 1323 1156 1403 pulcro
1179 1323 1275 1383 colore
1306 1334 1415 1383 essent.

271 1437 352 1495 Hinc
381 1455 412 1493 os
441 1433 582 1492 sublinere
615 1433 754 1493 dicebant
785 1433 906 1512 proprie
930 1434 969 1494 de
996 1455 1041 1506 eo,
1075 1435 1128 1513 qui
1155 1435 1296 1494 simulans
1322 1457 1353 1494 se
1379 1455 1412 1493 os

268 1549 356 1608 alicui
381 1547 505 1626 pingere
533 1546 571 1604 ad
599 1546 749 1616 decorum,
786 1545 862 1604 illud
898 1546 1031 1606 ridiculis
1065 1547 1190 1624 picturis
1224 1548 1411 1626 deturpabat.

270 1663 395 1731 Nonius,
416 1661 507 1740 [Cap.
519 1661 543 1719 Ι.
564 1661 650 1738 219.]
665 1682 683 1718 a
696 1660 825 1720 ridiculo
840 1660 970 1740 quodam
985 1662 1069 1721 lusus
1082 1682 1192 1740 genere
1207 1663 1337 1733 deducit,
1352 1684 1413 1742 quo

270 1774 494 1842 dormientibuS,
522 1785 574 1830 aut
596 1771 729 1850 alioquin
755 1771 1006 1850 imprudentibus,
1031 1792 1084 1830 ora
1102 1772 1312 1850 pingebantur.
1351 1775 1410 1831 Cu-

266 1890 317 1969 jus
336 1888 379 1947 rei
402 1886 561 1964 vestigium
584 1897 631 1944 est
651 1886 733 1964 apud
752 1884 840 1962 Virg.
861 1885 924 1943 Ecl.
938 1884 993 1942 VI.
1014 1893 1061 1943 22.
1103 1883 1311 1962 “Sanguineis
1330 1885 1411 1942 frou-

268 2007 329 2054 tem
348 1993 439 2052 moris
458 2002 490 2052 et
507 2004 642 2071 tempora
666 1992 820 2071 pingit.”“
859 1991 966 2050 Gnou:
997 1992 1081 2051 Lect.
1108 1991 1205 2050 Plaut.
1236 1992 1289 2070 qui
1312 2011 1410 2050 exem-

268 2111 319 2188 pla
331 2128 369 2169 ex
383 2109 493 2166 Nostro
506 2106 640 2184 collegit:
659 2105 769 2183 quibus
782 2105 883 2174 addas,
898 2106 985 2164 Cure.
999 2113 1066 2174 590.
1093 2113 1112 2138 “
1121 2103 1237 2162 Siccine
1250 2104 1292 2162 mi
1304 2125 1336 2162 ce
1348 2124 1411 2163 esse

268 2215 383 2276 oblitum
392 2215 426 2274 6”
470 2216 559 2295 Epid.
590 2223 655 2275 483.
710 2224 729 2250 “
740 2215 848 2287 Senex,
874 2214 930 2273 tibi
956 2235 988 2273 cc
1019 2227 1065 2273 est
1096 2212 1231 2271 sublitum
1264 2213 1352 2291 plane
1380 2224 1411 2271 et

268 2329 387 2407 probe.”
428 2326 493 2384 Mil.
516 2333 579 2385 110.
621 2323 774 2382 “Sublinit
800 2343 833 2381 os
853 2323 897 2381 illi
923 2324 1023 2382 lenoe.''
1049 2330 1114 2384 153.
1154 2323 1232 2380 “Ita
1253 2321 1411 2380 ucblinetur

269 2457 301 2495 oc
320 2437 435 2498 custodi
455 2436 613 2495 mulieris.''
635 2438 702 2544 διο.4

330 2639 381 2654 -
436 2597 674 2685 Penissume.]
732 2601 811 2664 Well
833 2602 927 2687 nigla.
983 2606 1063 2666 Vide
1089 2608 1121 2665 in
1146 2606 1230 2681 Nott.
1260 2618 1290 2665 et
1312 2607 1411 2686 Supra

269 2735 336 2787 420.

319 2892 387 2953 624.
434 2882 583 2973 Nimis]
631 2896 733 2954 Valde.
774 2895 873 2974 Supra
897 2903 962 2956 451.

324 3075 390 3136 625.
443 3065 622 3139 Iudicium
652 3059 769 3163 fecit.]
833 3071 922 3134 Gave
946 3074 1113 3159 wurcing.
1174 3081 1233 3138 Pro
1265 3080 1415 3141 indicavit.

319 3248 386 3310 626.
434 3239 582 3331 Ῑ)111111.]
631 3256 729 3330 Supra
748 3260 795 3312 23.
817 3252 854 3309 G.

331 3471 380 3482 -
436 3429 636 3523 Perduim]
696 3434 772 3493 Vide
796 3435 882 3493 Nott.
932 3435 983 3495 Sic
1006 3438 1090 3515 Capt.
1111 3447 1176 3498 532.
1231 3438 1410 3499 “Credula''

267 3579 323 3652 pro
342 3558 452 3629 credas,
473 3560 521 3619 vel
543 3559 706 3624 credideris.

223 3710 225 3714 Υ
321 3735 387 3796 628.
436 3728 589 3823 Lucus]
643 3743 738 3820 Supra
758 3743 824 3815 569.
845 3745 883 3804 G.

256 3991 257 3994 Ἴ
322 3917 387 3978 630.
436 3907 584 3984 Certum
609 3911 693 4004 esb]
747 3929 810 3987 Stat
846 3934 1009 4006 sententia;
1038 3934 1190 3994 decretum
1223 3948 1275 3995 est.
1329 3940 1409 3999 Men.

268 4050 333 4109 871.
381 4043 464 4102 Infra
494 4043 560 4104 635.
613 4046 723 4124 Amph.
752 4047 817 4118 896.
870 4051 1017 4111 “Certum
1049 4062 1101 4124 est,
1134 4055 1350 4135 introrumpam
1377 4060 1408 4117 in

268 4153 371 4212 aedeS.''
405 4155 469 4214 Etc.

322 4310 388 4369 631.
436 4305 553 4402 Euge,
570 4307 695 4406 'euge.]
742 4321 821 4379 Rud.
838 4327 884 4380 81.
926 4324 1048 4400 “Euge,
1070 4325 1162 4424 euge!
1184 4326 1349 4402 perbene!’'
