3250 5217
282 552 371 663 136!
484 595 487 604 ι
691 552 1004 618 GLOSSARIUM

335 742 400 795 184.
448 723 683 813 lutetiorum]
735 729 926 813 Perverse&
960 732 1159 819 irfiumtiol.
1193 736 1424 817 ,opulentum

276 870 307 919 et
327 880 360 919 re
381 870 412 918 et
432 857 534 917 amicis
554 856 724 937 pollentem.
765 857 843 916 Vide
865 857 896 915 in
919 876 982 916 voc.
1009 856 1170 928 Fectionee,
1193 858 1290 938 Supra
1308 867 1371 919 124.
1386 860 1426 917 G.

340 1076 391 1092 -.
452 1028 575 1121 Item]
613 1034 666 1097 On
682 1034 736 1097 tlte
751 1033 842 1096 older
861 1034 961 1097 band.
1008 1041 1128 1101 Contra.
1150 1042 1249 1122 Supra
1267 1043 1403 1104 Proteo.

333 1220 397 1274 185.
449 1203 661 1292 Locassim.]
715 1209 796 1273 Gioe
824 1211 861 1271 in
880 1213 1054 1293 marriage.
1109 1219 1166 1277 Pro
1186 1218 1345 1279 locaverim.
1374 1220 1424 1279 In-

275 1339 322 1398 fra
342 1344 408 1403 540.
429 1335 495 1396 562.
536 1335 583 1394 De
605 1336 698 1394 verbo
718 1332 813 1392 locere
830 1333 887 1394 hoc
906 1355 994 1394 sensu
1009 1337 1153 1409 adhibito,
1169 1340 1266 1419 Supra
1281 1350 1344 1412 149.
1366 1342 1403 1400 G.

330 1508 395 1566 187·
447 1490 558 1564 Ferre
582 1492 742 1588 paritet]
791 1503 911 1562 Phresis
934 1516 999 1563 orte
1017 1526 1055 1565 ex
1075 1507 1172 1567 bobus
1190 1528 1243 1568 seu
1263 1510 1348 1589 equis
1369 1510 1426 1569 sub

276 1625 380 1685 eodem
405 1626 483 1704 jugo
505 1623 700 1685 trahentibus.
748 1625 902 1686 Translate
923 1628 1053 1687 refertur
1082 1630 1120 1688 ed
1147 1631 1216 1691 vitae
1239 1632 1371 1693 miserius
1393 1644 1427 1693 et

274 1743 390 1803 labores
409 1761 469 1799 une
488 1739 672 1799 tolerandos:
701 1740 776 1800 Hor.
797 1741 896 1801 od.1.
919 1761 1017 1803 xxxv.
1036 1744 1082 1805 26.
1123 1747 1323 1827 “Diffugiunt
1343 1750 1425 1811 cudis

277 1855 354 1913 Cum
376 1853 449 1911 faeoe
471 1852 587 1911 siccatis
606 1851 704 1924 amici,
728 1851 821 1913 Ferre
837 1854 949 1933 jugum
967 1854 1082 1935 pariter
1103 1858 1224 1920 dolosi.''

335 2024 399 2086 189.
453 2008 701 2101 Meus01d0.]
762 2016 933 2101 Theseos
959 2040 1108 2101 myowo
1133 2026 1239 2099 roseln
1269 2028 1421 2091 orelose.

277 2141 349 2201 Cist.
364 2148 411 2201 23.
452 2141 579 2201 “Decet
601 2138 677 2200 lune
700 2159 763 2200 esse
783 2140 910 2201 ordinem
931 2145 1140 2207 benevolentes
1157 2148 1235 2209 inter
1256 2154 1345 2211 sese.”
1384 2154 1426 2213 Et

277 2265 323 2318 34.
363 2255 441 2315 “Ite
461 2261 559 2314 nostro
578 2252 674 2312 ordini
694 2253 792 2333 pelam
813 2254 1034 2315 blandiuntur?⁸

334 2441 398 2502 190.
450 2419 630 2514 Divorti]
679 2430 827 2494 Divoree.
876 2440 1025 2513 Divertii;
1053 2465 1072 2501 s
1093 2444 1210 2505 diverto.

341 2643 390 2652 —
449 2597 579 2691 Fuat]
617 2613 674 2672 Pro
699 2614 753 2672 Sit.
794 2615 876 2675 Nem
897 2620 1021 2680 Veteres
1043 2622 1184 2683 dicebant
1194 2623 1294 2704 fuum,
1316 2645 1360 2697 es,
1380 2634 1422 2698 al,

263 2752 332 2811 ·pro
347 2729 400 2789 eim
421 2730 467 2789 vel
478 2729 601 2809 fuerim.
640 2732 785 2792 '’Dooent
807 2734 1000 2797 Grammatici
1019 2759 1083 2799 erse
1101 2742 1138 2800 ab
1156 2742 1279 2821 entique
1286 2741 1347 2821 suo
1367 2764 1423 2822 pro

279 2862 351 2911 rum,
374 2863 393 2899 s
414 2838 504 2918 oief‘
544 2841 636 2901 Fece.
677 2842 760 2901 Infre
782 2851 848 2905 380.

331 3047 395 3108 191.
445 3025 695 3121 Morlllclbm]
751 3036 934 3103 Witbtbetr
950 3041 1044 3103 leeth.
1092 3050 1149 3110 Pro
1161 3000 1315 3117 dentilun
1338 3052 1422 3131 qussi

276 3185 296 3223 e
314 3165 508 3237 nominativo,
538 3163 685 3234 mordieee,
708 3186 781 3223 -ueu,
829 3163 878 3223 Ite
895 3164 996 3243 plures
1023 3163 1100 3222 Edd.
1123 3174 1154 3224 et
1177 3165 1253 3223 Mss.
1278 3164 1423 3235 nonnulli,

273 3277 356 3343 ,vide
379 3278 464 3337 Nott.
486 3278 571 3338 erite
612 3278 673 3339 Sed
693 3278 775 3339 haud
800 3278 938 3357 displicet
960 3278 1083 3340 Gruteri
1100 3279 1271 3357 conjecture
1291 3278 1423 3339 mordici-

275 3399 330 3461 tus,
349 3390 424 3450 adv:
452 3390 493 3449 id.
518 3407 568 3469 qu.
592 3390 744 3451 mordicus.
783 3393 827 3450 At
843 3390 924 3451 Non.
943 3391 1035 3451 Mero.
1056 3390 1128 3470 Cep.
1142 3390 1185 3449 11.
1208 3398 1273 3463 549.
1312 3392 1421 3452 '’Mor-

274 3503 395 3575 uicibus,
432 3515 463 3562 et
497 3503 640 3563 mordicus
673 3523 729 3583 pro
758 3522 869 3571 morsu,
901 3521 957 3580 pro
989 3501 1144 3562 morsibus.
1199 3503 1294 3564 Pleut.
1320 3504 1422 3567 Aulul.

276 3623 395 3683 “Asini
425 3644 474 3683 me
497 3622 669 3683 mordicibus
690 3622 836 3692 scindant,
867 3623 959 3681 boves
982 3621 1135 3681 incursent
1157 3624 1323 3684 oornibus.''
1362 3625 1423 3687 cic.

274 3735 369 3795 Aoed.
389 3735 456 3794 Lib.
467 3733 528 3794 111.
569 3742 589 3771 “
600 3734 857 3813 Perspieuitstem,
880 3750 971 3811 quem
990 3730 1133 3791 mordicus
1153 3742 1255 3793 tenere
1269 3734 1423 3807 debemus,

273 3851 376 3909 abesse
398 3848 582 3908 dieamus.'“‘
622 3846 702 3907 Vide
721 3847 754 3905 in
770 3843 925 3915 mordicus,
948 3846 1029 3905 Men.
1042 3844 1139 3907 Gloss.
1163 3853 1228 3905 112.

281 4058 286 4065 ·
331 4033 396 4094 194.
449 4012 734 4107 conditionem]
781 4026 829 4086 De
843 4045 876 4086 re
895 4026 999 4086 uxoria
1016 4026 1148 4097 dietum
1169 4038 1205 4086 ut
1221 4027 1331 4117 passim
1341 4026 1423 4107 apud

275 4125 431 4205 Nostrum.
472 4143 558 4204 Infra
570 4152 637 4206 430.
678 4144 771 4204 Stich.
790 4152 838 4206 31.
854 4152 903 4215 98.
923 4148 976 4206 &o
1018 4146 1108 4205 True.
1131 4153 1197 4206 810.
1226 4146 1361 4207 “Dicam
1387 4158 1424 4207 ut

274 4258 363 4317 uliam
385 4255 568 4317 conditiones
591 4258 652 4316 filio
669 4256 802 4315 inveniet
822 4259 903 4316 suo.''
943 4257 1012 4317 Ter.
1026 4257 1121 4318 Andr.
1144 4258 1168 4317 Ι.
1188 4279 1208 4319 1.
1232 4266 1278 4319 52.
1299 4248 1423 4320 “Acce-¹

1592 4840 1601 5121 1
