3250 5217
650 596 938 663 AULULARIA.
1310 597 1371 661 101

286 790 326 864 Si
360 790 455 865 ebrio
486 802 594 887 atque
628 792 764 865 amanti
797 792 945 889 impune
970 788 1094 877 facere,
1121 791 1216 889 quod
1238 790 1373 875 lubeat,

436 916 531 990 licet.

190 1038 269 1113 ΙΝ.
290 1040 392 1127 Quin
434 1042 501 1115 tibi
543 1043 638 1115 ultro
674 1041 912 1139 supplicatum
953 1041 1056 1114 venio
1095 1043 1139 1115 ob
1180 1042 1372 1117 stultitiam

387 1221 392 1231 .
435 1193 560 1241 meam.

190 1289 265 1366 Eo.
292 1289 376 1365 Non
402 1291 492 1365 mihi
517 1290 678 1364 homines
700 1293 853 1389 placent,
892 1293 964 1388 qui,
1003 1292 1144 1388 quando
1168 1293 1260 1366 male
1285 1293 1374 1366 fece-

436 1428 533 1501 runt,
555 1418 752 1515 pungitant.
1316 1434 1374 1491 710

289 1540 348 1615 Tu
365 1542 465 1615 illam
481 1544 593 1616 scibas
610 1568 681 1616 non
697 1556 796 1617 tuam
816 1566 910 1615 esse:
928 1567 999 1614 non
1017 1550 1188 1615 attactam
1206 1542 1373 1639 oportuit.

190 1665 268 1741 LY.
287 1669 385 1768 Ergo
408 1674 491 1767 quia
514 1698 592 1745 sum
618 1683 764 1765 tangere
787 1692 912 1745 ausus:
948 1669 1045 1743 haud
1070 1670 1260 1755 causificor,
1288 1672 1372 1767 quin

438 1822 514 1870 eam

291 1918 373 2017 Ego
388 1919 536 1994 habeam
553 1923 799 2020 potissumum.

673 2046 748 2120 Eu.
768 2046 863 2121 Tun'
880 2046 1009 2121 habeas
1024 2074 1081 2121 me
1098 2049 1213 2122 invito
1230 2052 1372 2123 meam?

193 2168 272 2244 LY.
294 2172 405 2247 Haud
430 2187 467 2249 te
490 2176 605 2250 invito
625 2174 788 2274 postulo;
815 2176 877 2249 sed
902 2201 1016 2249 meam
1040 2202 1114 2249 esse
1140 2188 1299 2271 oportere
1322 2199 1375 2248 ar·

438 2299 559 2373 bitror.

292 2419 394 2506 Quin
428 2435 470 2498 tu
502 2452 579 2499 eam
617 2426 788 2512 invenies,
829 2428 987 2523 inquam,
1025 2448 1139 2497 meam
1176 2423 1274 2497 iliam
1302 2450 1375 2497 esse
1480 2515 1483 2522 Ι

439 2562 608 2644 oportere,
632 2544 774 2624 Euclio.
1319 2562 1375 2621 715

237 2771 257 2799 v.
269 2761 310 2805 Μ
334 2761 404 2809 Μαι
416 2760 443 2801 rt
454 2766 472 2802 a
485 2765 557 2813 tuear,
570 2766 736 2816 tanqu-uo.
749 2766 837 2813 uuam
846 2767 949 2816 promtu,
961 2766 984 2805 a
993 2764 1126 2815 a-sumu,
1143 2766 1169 2807 u
1179 2764 1205 2805 n.
1220 2768 1239 2813 a,
1259 2754 1378 2815 ἀμέτρως.

193 2826 279 2869 -711,
297 2827 381 2873 Scitum,
401 2828 426 2866 A.
439 2828 466 2867 H.
479 2830 497 2867 Β.
509 2832 527 2868 d.
548 2830 571 2869 Β.
584 2842 602 2869 a.
627 2832 709 2881 Rdtqui
727 2842 798 2871 omnes
816 2832 895 2875 soum
915 2832 983 2880 itaque
1004 2830 1054 2869 Edd.
1067 2830 1123 2870 Vett
1143 2834 1202 2877 recte,
1218 2830 1271 2869 Vide
1286 2830 1377 2869 Glora-

191 2890 296 2934 euacua
316 2890 376 2939 plane
391 2888 448 2929 Et.
466 2891 490 2929 R
500 2893 517 2930 1.
535 2897 642 2940 odaeum,
663 2896 726 2943 <quod
742 2896 814 2934 eodem
830 2895 896 2940 redit)
914 2892 967 2933 Et.
987 2892 1066 2932 nau
1084 2896 1179 2939 acuum,
1199 2893 1223 2931 R
1235 2895 1253 2939 2,
1273 2893 1375 2934 mendose.

191 2950 304 2997 mama
318 2952 343 2997 A,
352 2952 387 2991 sed
400 2953 422 2991 tn
435 2964 505 3003 marg:
522 2954 565 2995 “ar
579 2960 654 2997 usum
665 2957 725 2997 mer
736 2958 856 3003 attractari,
875 2956 900 2995 v.
909 2958 927 2995 a.
945 2956 968 2994 n.
978 2955 994 2993 r.
1003 2957 1021 2993 a.
1038 2956 1060 2993 c.
1074 2956 1188 3001 attrectari,
1202 2954 1228 2993 v.
1238 2956 1255 2992 1.
1264 2956 1281 2992 r.
1295 2955 1321 2993 n.
1332 2956 1348 2993 r.
1358 2957 1376 2993 a.

193 3015 214 3050 et
230 3011 257 3049 Η.
265 3014 283 3057 2,
300 3012 322 3051 in
337 3025 399 3062 marg.
425 3015 456 3054 Ex
468 3017 506 3055 hac
518 3018 630 3057 lectionum
648 3018 744 3059 varietate
759 3029 825 3058 unum
838 3018 959 3064 notandum,
976 3017 1031 3066 quod
1046 3026 1117 3055 omnen
1131 3016 1206 3055 habent
1222 3016 1310 3055 litteram
1326 3028 1340 3055 a
1355 3018 1377 3055 in

192 3076 297 3123 Wolff
308 3083 365 3127 parte
375 3080 436 3127 vocis,
449 3082 504 3120 unde
517 3082 587 3121 Bothii
597 3084 697 3123 aunum
708 3082 840 3131 rejiciendum
856 3081 943 3120 omnino
958 3088 1035 3119 censeo.
1060 3080 1158 3119 cretarum
1172 3090 1197 3117 ex
1206 3088 1265 3118 versu
1276 3080 1376 3128 proximo,

193 3141 228 3179 ubi
241 3145 273 3180 ert
287 3143 371 3181 verbum
383 3146 464 3193 ransom
480 3146 595 3194 repetitum,
612 3151 695 3195 apparet
710 3148 772 3185 verm
786 3146 900 3189 attractari,
917 3143 949 3182 vel
964 3143 1081 3188 attractari,
1100 3152 1146 3190 que
1161 3141 1219 3180 aliter
1234 3141 1299 3180 libens
1314 3142 1377 3180 adrni-

191 3204 258 3251 aerim
278 3205 314 3244 hic
326 3207 395 3246 locum
411 3218 454 3247 non
465 3208 631 3254 habere-412.
644 3212 702 3248 haud
713 3210 801 3259 infletur,
815 3210 841 3247 H.
853 3210 868 3246 l.
894 3208 942 3247 Non
953 3204 1219 3255 commeant-713
1235 3208 1274 3252 Pa,
1287 3206 1379 3251 Quatuor

192 3268 262 3307 Nostri
275 3268 338 3308 codd
357 3270 416 3316 Μ’,
433 3272 511 3320 reliqm,
528 3278 550 3312 et
564 3271 619 3311 Libri
633 3271 783 3317 Boiu—711.
808 3272 877 3311 Mwm
888 3271 965 3318 oportet
977 3279 1022 3314 crac,
1039 3269 1065 3306 A.
1082 3277 1146 3307 mcum
1161 3276 1202 3306 mc
1217 3270 1299 3315 oportet,
1317 3266 1343 3306 H.
1352 3270 1378 3315 ³;

192 3327 295 3370 Neutmm
309 3333 466 3381 despiciendum,
487 3336 521 3373 red
535 3336 590 3383 qnod
605 3335 627 3372 in
642 3340 700 3375 textu
716 3336 813 3380 dedimus,
830 3338 861 3373 ert
876 3337 993 3373 ceterorum
1010 3332 1071 3370 codd.
1089 3335 1110 3370 et
1126 3330 1184 3377 Edd,
1201 3332 1265 3377 credo,
1283 3332 1377 3370 omnium

193 3393 348 3439 razdo-uu
374 3397 429 3444 Quin
441 3400 463 3436 tu
475 3407 520 3436 eam
531 3398 573 3436 ino.
590 3397 652 3437 ”dele
666 3408 717 3444 mm,
734 3398 789 3446 quod
803 3401 825 3436 et
839 3400 928 3435 metrum
943 3399 964 3434 et
978 3404 1059 3433 sensum
1075 3394 1167 3439 mrbat‚“
1179 3393 1254 3440 Hrna,
1271 3394 1304 3432 cui
1312 3393 1377 3433 libens

193 3457 309 3496 noeudrem
330 3458 348 3496 si
362 3459 394 3497 vet
409 3470 435 3497 ex
450 3470 494 3499 uno
510 3460 583 3499 codiee
598 3462 680 3508 abeoeet,
702 3461 736 3500 red
752 3471 800 3499 unm
820 3469 911 3507 perverse
930 3456 1026 3497 omnibus
1042 3458 1096 3503 insit,
1117 3467 1195 3507 nequeo
1211 3456 1329 3503 eliminaoe5
1349 3463 1380 3497 ert

193 3519 255 3570 igitar
271 3532 316 3561 mm
331 3524 489 3573 monosyllahtce
504 3524 649 3573 pronuntiand.
658 3525 772 3565 etelidend
785 3528 813 3570 et,
830 3523 885 3572 quod
901 3523 927 3562 ad
938 3520 1059 3562 sententiam
1071 3521 1150 3568 attinet,
1164 3526 1194 3561 est
1201 3522 1268 3561 mixta
1279 3528 1381 3563 construc-

193 3583 230 3628 tio,
243 3582 301 3631 uuus
312 3585 360 3623 alibi
371 3586 465 3636 exempla
475 3587 530 3636 apud
541 3587 639 3626 Nostrum
657 3588 747 3626 invenire
762 3585 892 3626 ert-Meum
908 3586 937 3625 ru.
954 3593 1000 3625 aare.
1025 3584 1073 3623 Tres
1092 3585 1167 3625 Vindd
1185 3590 1206 3625 et
1222 3596 1293 3625 omnes
1309 3586 1378 3627 Nosti.

192 3644 491 3695 mamurra-oportere,
508 3649 558 3688 M.
576 3649 599 3687 B.
612 3651 632 3688 h.
657 3648 915 3698 neuquromnesoporur,
931 3643 1016 3691 roloecer
1027 3650 1049 3686 et
1060 3647 1089 3686 ita
1101 3647 1137 3687 Ed
1152 3648 1218 3687 Parm.

235 3799 300 3858 712.
354 3790 448 3852 Haud
486 3794 667 3872 cauar'ficor]
728 3795 761 3853 ‘I
851 3802 917 3859 715.
940 3790 1018 3857 Quin
1033 3801 1063 3850 tu
1078 3815 1138 3851 eum
1153 3794 1287 3863 invenies,
1304 3797 1378 3875 etc]

195 3885 282 3945 make
315 3906 355 3943 no
381 3886 546 3965 objection.'
602 3891 669 3947 Non
696 3889 763 3947 dico
812 3886 873 3959 Qui
883 3887 978 3945 civem
986 3884 1150 3946 Romanam
1158 3890 1321 3959 vitiaverat,
1329 3902 1381 3949 aut

195 4001 322 4050 causam,
342 4002 402 4040 non
423 4002 545 4053 recuso;
566 3983 599 4043 οὗ
618 3987 763 4065 προφασί-
812 4003 876 4042 eam
889 3982 1051 4041 indotatam
1068 3985 1186 4052 ducere,
1208 3995 1260 4042 aut
1281 3986 1305 4043 si
1323 3986 1380 4046 hoc

195 4075 286 4155 ζομαι.
308 4076 410 4135 Lrun.
444 4076 528 4135 Idem
543 4089 587 4137 est
599 4079 681 4155 apud
695 4078 763 4137 Ter.
812 4088 970 4144 recusaret,
992 4078 1098 4154 capitis
1113 4079 1199 4153 argui
1217 4081 1378 4139 consuevit.

196 4169 486 4229 Phorm.11.1.4a.
815 4171 919 4229 Gnou.
960 4172 1031 4231 Vid.
1047 4172 1129 4230 infra
1142 4180 1208 4238 750.
1245 4175 1285 4232 Et
1298 4176 1379 4252 quod

196 4306 212 4329 a
223 4303 276 4352 Non
284 4322 375 4353 mm
389 4281 448 4364 ouo,
464 4303 531 4363 quin,
542 4306 606 4363 quod
616 4304 713 4353 meritus
725 4304 763 4360 sit,
813 4266 852 4324 ad
866 4266 1114 4325 constructionem
1127 4269 1242 4338 attinet,
1257 4270 1334 4331 Vide
1348 4273 1378 4329 in

225 4378 309 4428 fem?
813 4360 846 4419 N
847 4370 898 4419 ott.
913 4360 996 4419 Criu.
