3250 5217
277 583 352 646 ’188
716 581 1027 645 GLOSSARIUM

332 786 369 852 67
370 795 398 845 2-
446 775 691 872 Novi-scio]
715 791 867 851 Videntur
880 791 1001 869 proprie
1013 791 1092 848 inter
1108 809 1139 847 se
1152 789 1217 847 haec
1230 787 1374 846 voeabula
1386 787 1431 845 ita

277 907 433 986 distingui,
453 917 488 966 ut
500 909 648 988 posterius
667 908 803 980 absolate,
821 911 906 990 prius
923 931 985 969 cam
999 929 1069 967 cosa
1082 907 1261 986 plerumque
1278 917 1430 966 construa-

277 1028 337 1077 tur.
385 1019 564 1096 Quanquam
589 1020 749 1098 aliquando
771 1020 956 1100 conjunctim
976 1021 1039 1080 sine
1061 1040 1141 1089 casu,
1163 1028 1193 1078 et
1214 1037 1431 1097 nonnunquam

277 1128 447 1205 promiscue
465 1141 609 1208 usurpata
627 1132 831 1192 inveniuntur.

334 1306 401 1374 673·
448 1299 599 1376 Vestitu
616 1314 653 1376 ei
670 1299 795 1393 creta]
841 1316 902 1374 Pro
924 1315 1042 1374 metatis
1064 1314 1198 1383 vestibus,
1222 1333 1277 1392 per
1303 1313 1432 1389 figuram

277 1427 306 1488 ἓν
322 1427 366 1486 διᾶ
382 1429 461 1500 δυοῖν,
482 1432 569 1510 cujus
586 1433 697 1511 passim
710 1434 847 1511 exempla
863 1434 945 1512 apud
962 1434 1080 1505 Poetas,
1098 1444 1129 1492 et
1144 1434 1277 1511 reliquos
1291 1449 1431 1488 nonnun-

279 1561 368 1619 quam
382 1542 549 1621 scriptores,
570 1555 745 1603 occurrunt:
766 1545 798 1602 N
800 1546 967 1604 otissimum
982 1546 1059 1604 illud
1072 1546 1158 1624 Virg.
1172 1545 1283 1622 Georg.
1299 1543 1340 1600 11.
1365 1549 1432 1611 192.

280 1662 422 1722 “Pateria
440 1663 568 1722 libamus
588 1676 618 1724 et
637 1669 738 1724 auro.”
757 1687 813 1745 pro
832 1666 933 1727 aaron
948 1667 1071 1746 poteris.

341 1861 391 1872 -
448 1817 588 1910 Creta]
637 1835 717 1907 Quia
745 1835 888 1894 condidus·
913 1835 989 1894 color
1015 1855 1071 1914 pro
1096 1835 1221 1894 honesto
1248 1834 1431 1900 sumebatur,

279 1953 321 2011 ita
338 1973 403 2011 mos
421 1953 488 2020 fuit,
511 1953 655 2031 quicquid
673 1956 760 2014 bonae
775 1965 854 2013 notae
874 1956 1108 2024 existimabatur,
1128 1961 1206 2012 creta
1225 1973 1278 2011 seu
1295 1951 1363 2009 albo
1378 1948 1430 2008 de-

274 2061 406 2141 signare.
447 2063 529 2123 Hinc
545 2064 621 2123 Hor.
637 2065 696 2124 Sat
711 2065 754 2124 11.
769 2086 821 2124 111.
835 2067 901 2127 246.
942 2076 963 2102 “
975 2066 1061 2126 Creta
1077 2087 1115 2124 an
1128 2067 1255 2124 carbone
1268 2061 1391 2122 notandi
1399 2063 1433 2118 ?'’

280 2174 364 2235 Pers.
387 2175 448 2234 Sat
463 2175 502 2234 V.
524 2184 588 2235 108.
630 2175 715 2236 “llla
737 2177 821 2256 prius
842 2183 932 2244 meto,
953 2195 1023 2234 mox
1045 2175 1110 2234 haec
1132 2175 1259 2233 carbone
1282 2172 1390 2231 notasti
1398 2172 1433 2229 ?''

186 2356 188 2360 .
280 2289 321 2348 Et
344 2289 405 2348 Sat
428 2288 471 2348 11.
495 2299 521 2349 1.
570 2290 689 2349 “Diem
714 2311 841 2350 numera
866 2289 979 2349 meliore
1005 2289 1132 2368 lapido?
1161 2290 1181 2347 i.
1195 2310 1221 2348 e.
1249 2289 1327 2358 albo,
1361 2287 1435 2366 quia

279 2401 402 2474 bonum,
430 2401 572 2472 faustum,
599 2412 629 2462 et
654 2402 782 2462 felicem.
823 2401 935 2461 Contra
960 2401 1044 2482 niger
1063 2421 1120 2481 pro
1140 2421 1271 2480 nequam
1294 2401 1432 2459 sumitur.

281 2509 357 2568 Hor.
378 2511 439 2569 Sat.
457 2512 481 2570 Ι.
505 2531 548 2570 1v.
569 2519 615 2572 85.
657 2513 747 2572 “Hic
766 2513 850 2591 niger
872 2515 944 2572 est”
963 2523 995 2572 et
1015 2535 1043 2571 v.
1058 2523 1106 2584 91.
1146 2514 1291 2571 “Infesto
1308 2511 1434 2592 nigris.''

184 2655 190 2666 ·
280 2623 299 2682 i.
314 2645 339 2682 e.
359 2625 453 2683 malis.
494 2625 580 2698 Inde,
603 2627 673 2704 quia
691 2626 820 2705 speciem
838 2625 955 2686 honesti
975 2627 1135 2704 aliquando
1154 2646 1218 2705 prae
1236 2647 1266 2684 se
1282 2636 1385 2704 turpes
1402 2637 1434 2687 et

280 2736 429 2806 inhonesti
454 2739 600 2808 ferebant,
628 2739 659 2796 in
685 2739 878 2818 proverbium
904 2759 981 2818 pene
1007 2739 1101 2798 evasit
1123 2747 1200 2797 creta
1228 2737 1432 2810 seoccultare,

282 2867 342 2924 quo
363 2867 450 2906 sensu
469 2848 580 2908 Noster
595 2849 760 2928 usurpavit.
802 2849 853 2908 Sic
873 2859 904 2908 et
920 2850 952 2907 in
966 2849 1068 2908 fabula
1084 2869 1138 2907 sua
1156 2850 1236 2908 Pers.
1251 2857 1297 2915 74.
1339 2848 1431 2920 “Qui

280 2957 331 3018 hic
353 2957 418 3017 elbo
438 2966 497 3017 rete
514 2960 609 3019 aliena
629 2972 805 3040 oppugnant
824 2963 929 3019 bona.”
969 2960 1047 3018 Cum
1065 2981 1125 3038 quo
1141 2961 1206 3018 looo
1226 2960 1341 3018 confert
1359 2959 1431 3018 Sca-

280 3070 366 3147 liger,
398 3071 486 3128 Enn:
515 3071 605 3129 Med:
641 3071 801 3151 “gypsatis
827 3070 986 3140 munibus,”
1013 3071 1108 3148 ''quae
1134 3071 1326 3129 translatione
1352 3069 1433 3130 dicta

282 3193 353 3241 sunt
366 3183 403 3242 de
416 3184 461 3248 iis,
484 3185 538 3262 qui
552 3185 635 3243 dolos
649 3203 718 3244 suos
730 3194 880 3265 pretextu
893 3195 1046 3254 exornant,
1067 3195 1097 3244 et
1109 3184 1168 3242 illis
1181 3185 1310 3262 aliquam
1324 3179 1433 3243 bonam

282 3313 400 3353 causam
421 3296 620 3373 praetendunt,
644 3306 727 3373 puta,
751 3298 833 3374 leges
854 3305 885 3356 et
903 3296 982 3375 jura,
1005 3304 1058 3353 aut
1081 3296 1194 3366 simile3
1218 3316 1292 3374 quas
1311 3296 1434 3355 fraudes

275 3407 477 3490 ἐὐπροσώπους
508 3409 551 3466 καὶ
580 3407 826 3490 εὖπροφασίστονς
856 3406 954 3466 Graeci
981 3417 1121 3468 vocali&
1160 3409 1256 3467 Simili
1284 3430 1372 3469 sensu
1401 3410 1435 3468 in

283 3523 312 3580 S.
335 3521 441 3598 Script.
463 3521 582 3590 dicitur,
604 3521 721 3580 “Thou
744 3519 849 3578 whited
868 3519 962 3578 wall.''
1003 3519 1147 3579 “maed
1165 3522 1327 3598 sepulcre.”
1346 3524 1400 3581 &c

237 3638 238 3641 ¹
345 3719 395 3731 --
451 3673 592 3770 Frugi]
633 3678 772 3742 Heneti.
819 3684 916 3761 Supra
936 3692 1002 3744 542.

338 3855 405 3921 674.
454 3849 599 3920 Certum
618 3852 703 3941 est]
743 3860 843 3938 Supra
861 3860 928 3920 630.
949 3859 1016 3920 635.

345 4079 395 4090 —
451 4031 543 4106 Esse
559 4035 721 4126 bonum]
772 4040 864 4102 Tiar
879 4061 944 4122 you
959 4063 1017 4104 ore
1033 4042 1156 4104 honest.
1196 4038 1276 4108 Men.
1292 4057 1357 4116 871.
1435 4091 1438 4093 Α

269 4265 271 4268 .
345 4252 395 4263 -
451 4204 505 4278 Et
523 4207 622 4280 voltu
640 4206 838 4304 cognosco]
881 4221 961 4280 Vide
985 4222 1017 4278 in
1040 4221 1125 4280 Nott
1146 4221 1232 4280 critt.
1273 4191 1432 4291 ceterum,

284 4334 306 4394 si
334 4355 404 4392 vera
430 4336 468 4394 sit
494 4336 558 4396 haec
579 4338 675 4405 lectio,
704 4339 840 4397 nonnihil
867 4341 1021 4398 confirmat
1046 4340 1319 4419 interpretationem
1343 4361 1434 4418 quam
