3250 5217
300 527 363 595 168
711 532 1017 598 GLOSSARIUM

290 725 371 786 lrsud
388 745 455 785 raro
474 745 510 786 ex
531 744 604 784 auro
621 725 688 795 fuit,
709 726 838 805 ideoque
853 727 1016 806 impensius
1034 728 1205 799 consmbat3
1226 728 1283 788 0v.
1304 731 1377 790 Met.
1392 730 1435 788 II.

288 848 355 908 734.
393 837 464 898 “Ut
477 837 586 911 limbus,
600 848 757 917 totumque
769 850 911 918 appareat
923 836 1053 898 aurum?
1082 840 1130 899 lb.
1144 841 1182 900 V.
1195 849 1242 902 51.
1276 843 1434 903 “Indutu's

288 951 476 1030 chlamydem
497 950 631 1029 Tyriam,
650 971 741 1028 quam
755 950 859 1010 limbus
873 951 976 1011 obibat
991 943 1131 1010 Aureae?
1162 951 1243 1011 Non.
1259 955 1331 1032 Cap.
1344 953 1432 1013 XIV.

288 1070 335 1122 30.
374 1064 392 1086 ”
400 1061 527 1131 Limosa,
542 1061 688 1122 muliebre
701 1061 922 1132 vestimentum,
943 1061 1025 1141 quod
1037 1079 1203 1142 purpuram
1215 1063 1248 1122 in
1260 1064 1322 1124 imo
1333 1064 1432 1124 hrbet.

288 1173 412 1233 Plautus
437 1173 541 1234 Aulul.
587 1172 761 1232 “'I'extores
790 1171 959 1243 limborarii,
991 1173 1185 1233 arcularii.”“
1231 1174 1291 1234 Sed
1322 1174 1432 1235 rectius

287 1285 404 1365 Papias,
431 1305 520 1366 quem
543 1283 615 1345 citat
634 1284 666 1344 in
685 1304 780 1363 marg.
804 1284 877 1343 Cod.
898 1284 939 1343 H.
953 1283 981 1345 6.
1021 1283 1165 1343 ''Limbus
1189 1296 1242 1354 est,
1267 1306 1356 1364 quam
1376 1307 1431 1345 nos

285 1411 455 1460 ornaturam
474 1397 609 1468 dicimus,
634 1415 702 1475 quae
718 1406 857 1456 ornatura
876 1394 970 1456 ambit
984 1395 1202 1456 extremitatem
1219 1397 1357 1463 vestium,
1377 1405 1431 1454 aut

285 1533 322 1572 ex
335 1513 385 1571 filo
397 1531 487 1572 aureo
500 1520 646 1580 contexta,
667 1519 826 1589 assutaque
840 1520 972 1570 extrema
984 1521 1069 1589 parre
1083 1510 1282 1570 vestImenti.“

345 1716 396 1754 -,-
452 1664 662 1758 Aroularii.]
706 1672 995 1739 Caunos-marera.
1040 1680 1102 1753 Qus
1119 1681 1246 1752 arnum,
1269 1680 1298 1741 h.
1313 1701 1338 1740 e.
1359 1700 1428 1760 op.

282 1799 361 1858 sulas
374 1798 542 1869 muliebres,
556 1797 724 1857 conficiunt.
767 1797 813 1856 lta
825 1797 904 1856 Gora.
918 1798 980 1859 Ms.
1018 1800 1292 1867 1150111151.
1327 1800 1428 1859 “Per·

283 1910 407 1971 scrutari
430 1909 549 1968 arculus
571 1908 759 1969 muliebres.”
798 1909 895 1968 Varro
914 1911 950 1969 L.
963 1910 998 1969 L.
1013 1912 1104 1972 VIII.
1117 1919 1164 1973 45.
1207 1919 1228 1946 “
1236 1909 1279 1971 Ut
1294 1911 1382 1970 lecim
1397 1920 1427 1970 et

281 2021 409 2090 lectulus,
428 2039 500 2081 arra
514 2031 545 2080 et
556 2019 680 2086 arculu;
702 2020 744 2079 sio
756 2019 840 2080 alia.’'

335 2182 402 2242 475.
450 2161 645 2239 Iuseotores
676 2159 885 2257 crocotarii.]
939 2169 1047 2255 Dyers
1077 2175 1115 2236 io
1148 2173 1272 2262 effron
1305 2173 1425 2235 colom.

280 2291 412 2351 Incitat
425 2289 506 2348 Non.
520 2288 593 2367 Gap.
605 2287 692 2348 XVI.
709 2297 753 2348 11.
773 2287 805 2346 in
819 2309 883 2348 voc.
896 2297 1017 2349 crocola.
1042 2292 1059 2315 '⁹
1067 2289 1172 2351 Crooei
1184 2291 1291 2352 eoloris
1305 2289 1426 2351 vestis.“

279 2405 364 2463 Infra
377 2412 443 2464 480.
482 2402 562 2466 Vide
583 2403 666 2461 Nott.
685 2399 773 2461 crist
813 2401 876 2462 Alii
894 2401 1085 2475 numularii,
1104 2425 1122 2463 a
1140 2404 1251 2463 dimin:
1272 2401 1424 2472 crocotula,

278 2524 318 2584 de
344 2543 406 2602 qua
421 2522 510 2586 ,an
539 2522 613 2581 Lex.
634 2520 732 2581 Plaut.
773 2521 963 2593 ''Crocolulu,
985 2524 1076 2587 vestis
1098 2533 1163 2585 erat
1182 2524 1342 2584 mulierum
1363 2542 1425 2580 non

278 2636 420 2705 virorum,
448 2633 547 2694 Graeci
570 2633 720 2715 xpoxulrrou
741 2635 938 2714 appellarunt.
978 2637 1067 2696 Unde
1085 2637 1172 2716 Virg.
1193 2636 1261 2697 AEn.
1279 2635 1337 2696 IX.
1354 2632 1424 2703 614,

278 2748 460 2808 effeminatos
482 2759 513 2808 et
533 2747 687 2807 semiviros
707 2747 852 2826 Trojanos
871 2748 1006 2808 incessit:
1036 2749 1158 2811 “Vobis
1178 2749 1260 2830 pieta
1279 2769 1371 2819 croco,
1393 2756 1424 2808 et

277 2862 404 2942 fulgenti
418 2860 540 2932 murice,
557 2861 647 2921 vestis
655 2883 664 2933 ;
673 2906 679 2919 .
689 2904 697 2919 .
707 2861 751 2920 .Ο
768 2882 838 2921 vere
853 2863 1003 2943 Phrygiae,
1023 2884 1122 2943 neque
1135 2864 1215 2925 enim
1229 2863 1366 2943 Phryges
1374 2862 1423 2919 !”“

277 2975 365 3050 Vide
376 2973 475 3053 Supra
492 2972 524 3030 in
544 2992 572 3032 v.
586 2971 653 3032 465.
672 2971 710 3030 G.

331 3139 397 3201 479.
448 3119 708 3220 Nugigerulis.]
750 3133 830 3193 vise
858 3135 941 3194 uota
975 3136 1025 3196 sn
1049 3136 1081 3195 n
1107 3136 1199 3217 spu.
1221 3137 1288 3198 226.
1328 3135 1420 3195 «uu.

276 3261 376 3321 matile
391 3268 444 3318 aut
458 3258 622 3338 plumatile,
642 3258 774 3318 cerinum
791 3271 844 3319 aut
853 3247 1024 3339 gervinum:
1045 3282 1140 3340 gerrae
1154 3283 1301 3323 maxumae
1311 3263 1337 3321 !”
1360 3263 1420 3322 Ubi

229 3387 234 3403 ⁸
273 3394 369 3453 gerroe
391 3382 460 3435 runt
477 3370 517 3429 id.
532 3392 582 3449 qu.
603 3391 688 3450 ougoe
707 3383 807 3432 nostro
827 3373 901 3434 loco.
941 3375 1124 3434 Glossarium
1141 3377 1277 3454 praebent
1293 3377 1324 3436 Io
1340 3397 1419 3435 mar-

274 3487 345 3566 gine
371 3483 465 3543 Codd.
495 3483 537 3542 H.
553 3491 580 3542 2.
597 3480 625 3543 6.
655 3482 708 3541 ubi
731 3494 830 3548 tamen
856 3484 967 3562 legitur
993 3485 1197 3566 Nugr'uendis;
1224 3487 1304 3547 Vide
1330 3487 1416 3546 Nott.

275 3599 360 3658 crist.
399 3595 456 3654 ”N
455 3595 596 3676 ugs'ueudr',
615 3615 717 3656 omnes
729 3597 773 3655 illi
787 3599 839 3676 qui
857 3599 971 3677 aliquid
987 3600 1161 3661 mulieribus
1175 3603 1327 3673 vendunt,
1347 3623 1416 3662 nam

272 3710 373 3770 omnis
397 3708 507 3787 quibus
533 3717 673 3767 matronae
706 3718 841 3780 utuntur,
869 3731 964 3789 nugor
987 3711 1111 3772 Plautus
1137 3715 1233 3773 voluit
1257 3715 1415 3794 appellare.

275 3826 352 3885 Non.
370 3799 465 3883 Marc.
478 3821 525 3881 all.
539 3820 569 3878 h.
582 3829 627 3880 t.“
666 3822 706 3881 Et
722 3822 764 3881 sle
777 3823 865 3882 Cori:
887 3826 953 3884 Ms:
974 3825 1064 3897 ”Qui
1080 3828 1203 3886 vendunt
1218 3848 1267 3888 res
1281 3828 1415 3908 nugales,

272 3945 350 4004 siout
371 3964 419 4004 res
440 3942 600 4022 pueriles.“
640 3941 748 4001 Noster
771 3941 881 4013 Hnan,
908 3942 1142 4023 ''Nugigemlia;
1167 3946 1289 4023 quidam
1310 3946 1412 4006 codd:

272 4054 450 4133 nugivendis,
471 4065 562 4134 atque
583 4053 626 4114 its
646 4053 727 4133 apud
749 4053 896 4125 Nonium,
917 4056 1088 4133 quodcum
1111 4058 1257 4117 LambIno
1283 4060 1415 4118 maIIm.“

272 4165 420 4244 Equidem
442 4177 599 4242 utramque
618 4184 722 4224 vocem
743 4183 807 4224 esse
829 4184 865 4225 ox
884 4165 984 4226 Plauti
1003 4187 1093 4226 manu
1114 4169 1257 4248 suspicor,
1280 4171 1333 4255 qui
1352 4171 1413 4250 pri·

270 4298 353 4337 mum
374 4277 551 4355 nugioendis,
571 4288 639 4357 post
657 4289 771 4349 autem,
788 4280 836 4356 (ut
854 4280 1052 4358 exquisitius)
1072 4282 1260 4361 nugigerulis,
1281 4285 1383 4345 edidit.
