3250 5217
603 582 813 636 RECENSUS
840 583 1040 635 CODICUM.

364 756 485 816 alterius
508 759 559 818 'vel
578 760 744 829 minimum,
765 762 887 821 alterius
907 763 1024 821 nullum
1047 760 1169 819 omnino
1187 760 1226 820 ad
1244 759 1322 817 hanc
1341 724 1427 817 sabu-

364 853 423 911 lam
442 853 646 913 instruendam
667 876 755 914 usum
774 856 876 915 habui.
916 857 993 916 Sunt
1012 855 1044 914 hi
1064 856 1143 928 libri,
1166 854 1199 914 iu
1219 852 1353 930 catalogo
1376 851 1428 910 de·

365 946 482 1024 signati,

423 1091 519 1152 Plauti
541 1091 712 1164 Comoediae,
736 1094 815 1153 curis
835 1094 974 1154 secundis
992 1094 1061 1154 Joh.
1084 1092 1215 1172 Philippi
1236 1090 1333 1162 Parei,
1354 1089 1429 1149 duo·

189 1164 341 1226 “T-
363 1185 420 1243 bus
446 1185 542 1243 tomis.
589 1186 717 1263 Neapoli
745 1188 930 1247 Nemetum·
950 1186 1034 1258 1619.
1062 1195 1121 1247 sto.
1156 1207 1225 1247 cum
1247 1186 1326 1250 notis
1353 1184 1427 1242 Mes.

364 1279 412 1340 Jo.
433 1279 545 1339 Gravii.

297 1466 303 1477 ·
331 1467 337 1479 ·
424 1425 521 1487 Plauti
542 1424 652 1483 iabulae
677 1424 794 1502 viginti,
816 1444 853 1482 ex
873 1424 1044 1483 recensione
1065 1406 1205 1496 Dousica,
1229 1418 1428 1491 Francosurti,

293 1544 300 1557 ·
367 1519 450 1580 1604.
471 1527 567 1582 almo.
589 1539 658 1581 cum
677 1520 788 1578 notulis
809 1520 884 1578 Mss.
905 1518 1030 1579 Martini
1051 1518 1154 1583 lluari.

424 1742 573 1819 Denique,
604 1741 818 1820 utaliquando
841 1742 933 1820 hujus
962 1741 1114 1801 Recensus
1134 1742 1223 1801 finem
1241 1742 1357 1811 faciam,
1381 1760 1429 1800 re·

366 1848 422 1896 stat
448 1848 483 1895 ut
506 1835 663 1905 Editionis,
689 1857 750 1895 non
775 1836 856 1895 illius
879 1836 1001 1915 quidem
1026 1838 1107 1916 typis
1133 1836 1289 1908 mandatae,
1316 1835 1368 1895 sed
1394 1856 1430 1895 eo

365 1953 461 2010 usque
480 1933 573 1992 ferme
587 1943 705 2001 curatae,
727 1953 744 1990 a
760 1932 833 1989 Viro
850 1931 1109 1991 Reverendissimo
1126 1933 1303 1990 Fnancrsco
1320 1932 1428 2000 Hans,

365 2026 471 2085 faciam
492 2025 680 2085 mentionem.

424 2152 486 2199 Sunt
510 2151 632 2200 volumina
654 2151 704 2198 duo
728 2151 811 2199 Musei
833 2151 969 2199 Britannici
996 2150 1076 2200 MStis
1100 2150 1200 2210 addita,
1217 2165 1279 2198 anno
1307 2151 1373 2209 1783,
1399 2163 1429 2196 ex

364 2228 427 2275 dono
452 2227 506 2274 Viri
527 2228 673 2275 nobilissimi
698 2226 771 2274 Dom.
798 2225 909 2286 Sandys3
929 2228 955 2273 in
978 2227 1095 2289 Catalcgo
1113 2228 1197 2289 figuris
1219 2228 1276 2282 siti
1296 2234 1429 2274 numerata.

367 2302 435 2349 Prior
449 2310 528 2349 tomus
543 2310 635 2349 constat
649 2300 762 2348 foliorum
776 2302 835 2358 2943
855 2301 915 2349 alter
928 2301 978 2349 fol:
994 2302 1045 2352 219.

425 2376 455 2422 In
479 2376 598 2438 principio
623 2383 659 2423 est
682 2377 763 2423 nescio
787 2376 857 2434 cujus
882 2377 985 2424 auctoris
1004 2376 1101 2425 Lectori
1115 2377 1266 2438 admonitio,
1290 2376 1431 2438 hisrarbis,

366 2452 509 2499 ”Plautum
524 2451 646 2499 Francisci
661 2450 744 2499 Harrei
760 2451 805 2497 tibi
820 2452 846 2497 in
860 2465 947 2499 manus
962 2452 1039 2512 trado,
1055 2468 1128 2515 quem
1141 2454 1252 2516 promisit
1266 2453 1364 2513 quidem
1379 2454 1432 2515 ipse

365 2528 454 2575 multos
469 2527 557 2575 abhinc
572 2540 652 2574 annos.
694 2525 750 2585 Sed,
771 2533 798 2573 ut
813 2540 861 2573 non
875 2541 946 2575 omne
961 2536 1055 2588 tempus
1069 2530 1096 2576 in
1109 2530 1161 2577 bec
1175 2530 1266 2578 leviora
1280 2529 1361 2577 studia
1375 2545 1430 2578 cou-

340 2608 343 2637 '·
365 2603 430 2665 tulit,
451 2617 514 2650 mors
529 2616 584 2650 eum
599 2602 722 2663 corripuit,
742 2601 884 2661 priusquam
903 2601 949 2650 hoc
969 2616 1030 2664 opus
1050 2615 1099 2651 erat
1113 2606 1227 2653 omnibus
1241 2606 1347 2654 numeris
1360 2607 1430 2654 abso-

365 2681 452 2728 lutum.
481 2678 565 2725 Noun
584 2693 640 2726 vero
660 2685 726 2725 erant
745 2677 856 2738 perfecta
877 2686 900 2725 et
919 2679 1011 2740 revisa,
1032 2680 1096 2728 sicut
1115 2688 1215 2729 testatur
1234 2682 1316 2730 Codex
1336 2683 1362 2730 in
1382 2697 1430 2743 quo

366 2763 433 2805 erant
448 2755 605 2815 transcripte,
625 2764 650 2801 et
669 2752 767 2814 quidem
785 2768 841 2816 pars
856 2767 945 2815 magna
962 2763 1013 2802 erat
1028 2756 1149 2817 exscripta
1164 2758 1190 2803 in
1205 2772 1277 2805 usum
1296 2757 1429 2819 Typorum.

366 2834 540 2894 Prolegomena
553 2832 631 2879 solum
645 2832 767 2879 restabant
780 2831 928 2893 imperfecta.
959 2833 1043 2891 Quum
1064 2848 1119 2881 vero
1132 2834 1178 2882 hoc
1192 2849 1253 2895 opus
1267 2843 1360 2882 tantum
1375 2850 1430 2897 pros

365 2908 469 2967 cesserit,
489 2905 554 2954 haud
574 2907 694 2967 ingratum
714 2904 764 2952 fore
782 2905 923 2966 reipublice
941 2905 1063 2953 litteratim
1080 2906 1192 2965 judicari
1209 2909 1235 2955 in
1252 2908 1360 2956 medium
1375 2924 1430 2970 pro-

365 2983 460 3042 ducere,
480 2982 568 3029 sinon
588 2981 660 3043 quale
679 2994 729 3028 esse
748 2980 842 3039 debuit,
861 2989 887 3027 at
908 2980 993 3028 saltem
1014 2981 1086 3041 quale
1105 2992 1130 3029 et
1149 2982 1308 3043 quodcunque
1326 2984 1387 3031 sit“

426 3059 563 3119 Sequuntur
578 3056 689 3119 quaedam
704 3055 735 3103 ds
751 3055 838 3103 Metris
853 3055 983 3115 Plautinis,
998 3056 1095 3119 aliaque
1108 3058 1225 3105 nonnulla
1239 3058 1270 3105 ad
1283 3072 1344 3119 opus
1358 3073 1430 3107 suum

366 3134 522 3196 pertinentias
536 3132 597 3179 inter
611 3147 666 3194 qun
680 3136 813 3178 memoratu
828 3129 904 3191 digna
917 3139 953 3179 est
966 3130 1078 3191 Epistola
1090 3132 1184 3180 erudita
1200 3132 1318 3180 Gulielmi
1333 3133 1430 3196 Glarka,

367 3206 495 3264 cicestrie,
512 3204 550 3253 3¹¹⁰
565 3203 604 3251 die
614 3204 676 3264 Apr.
693 3202 759 3261 1752,
773 3200 804 3249 de
817 3200 920 3248 Nummi
935 3201 1045 3249 Plautini
1059 3203 1147 3265 valore,
1161 3204 1306 3264 paginarum
1319 3213 1430 3267 quatuor,

366 3282 491 3344 inquibus
504 3280 569 3329 locos
579 3279 706 3341 plerosque
721 3293 751 3325 ex
767 3277 851 3325 Nostri
864 3277 957 3325 tabulis
969 3278 1013 3326 ubi
1025 3278 1149 3327 Nummus
1161 3279 1289 3327 adhibetur
1303 3284 1430 3345 excerpsit,

367 3356 586 3418 etdiligentisslrna
595 3354 721 3401 collatione
730 3352 886 3401 examinarit.

425 3496 655 3557 Observationes
675 3494 797 3573 quidem
817 3504 965 3572 notaeque,
987 3514 1061 3573 quas
1082 3483 1150 3573 ipse
1164 3494 1260 3552 Haun
1281 3494 1320 3552 ad
1340 3495 1429 3556 Plau.

366 3605 431 3661 tum
457 3592 666 3650 illustrandum
691 3590 915 3667 conscripserat,
942 3600 1012 3648 sunt
1036 3590 1165 3648 maxima
1190 3610 1226 3647 ex
1253 3600 1337 3667 parte
1363 3591 1429 3651 Cri-

367 3690 434 3748 ticae
465 3687 667 3764 Metricaeque,
696 3683 883 3767 interspersis
909 3684 1087 3762 quibusdam
1115 3684 1327 3763 Philologicis3
1360 3707 1429 3747 cum

366 3797 465 3847 tamen
485 3804 560 3863 opus
579 3792 714 3842 nostrum
728 3802 824 3869 usque
839 3780 877 3840 ad
895 3802 969 3843 vars.
985 3788 1052 3851 500,
1066 3779 1250 3858 processerit,
1272 3792 1430 3861 antequam

366 3881 511 3940 librorum
531 3876 760 3954 istorumcopia
778 3874 853 3933 mihi
873 3874 942 3933 data
961 3874 1008 3943 sit,
1027 3873 1109 3932 haud
1127 3873 1256 3932 multum
1276 3896 1346 3935 saue
1359 3875 1431 3937 huic

367 3975 476 4035 fabulae
502 3973 689 4051 profuerunt
742 3968 820 4027 Mihi
847 3989 919 4028 vero
950 3967 1080 4046 reliquas
1109 3967 1225 4026 fabulas
1258 3968 1429 4047 singulatim

368 4069 476 4129 edendi
503 4088 599 4146 operae
625 4066 748 4133 intento,
778 4063 870 4141 hujus
898 4063 1082 4141 aliorumque
1107 4061 1131 4120 si
1160 4082 1227 4140 quae
1257 4062 1355 4122 adhuc
1382 4062 1428 4121 in-

368 4163 455 4222 editoe
475 4163 534 4221 sint
552 4160 782 4228 lucubrationes,
812 4157 948 4225 aliorum,
969 4157 994 4214 si
1014 4177 1089 4235 quos
1109 4156 1185 4215 forte
1205 4157 1325 4216 fortuna
1343 4177 1428 4236 repe-

368 4257 451 4328 riam,
480 4256 625 4316 Codicum
649 4254 818 4314 collationes
845 4251 876 4309 in
899 4249 1032 4309 medium
1051 4251 1184 4329 proferre
1206 4251 1238 4308 in
1257 4251 1355 4310 animo
1374 4264 1428 4312 est.

371 4352 452 4419 Huic
475 4352 582 4422 studio,
605 4372 663 4430 qua
682 4370 729 4409 res
750 4348 847 4406 sinant
866 4344 1029 4421 diligentia,
1056 4344 1248 4416 incumbenti,
1274 4346 1430 4423 ignoscant
