3250 5217
521 624 657 678 INDEX
684 622 730 675 IN
756 621 1047 676 AULULARIAM.

453 885 492 942 D.

194 1017 242 1074 Da
254 1016 295 1073 mi
308 1034 436 1094 operam.
460 1021 524 1074 101.

193 1129 331 1208 Dapsiles
344 1130 437 1189 dotes.
458 1138 523 1190 124

191 1237 273 1296 Dari.
293 1258 349 1316 pro
361 1238 496 1298 datarum
510 1237 558 1296 iri.
579 1247 644 1299 488.
660 1246 725 1299 558.

193 1349 327 1408 Darium.
367 1349 520 1428 (Regem.)
542 1358 588 1419 47.

191 1462 253 1520 Dat
265 1482 386 1539 operam
398 1461 480 1519 mihi.
500 1461 567 1523 653.

190 1573 301 1632 Datare
314 1584 497 1634 consuetum.
519 1583 584 1646 591.

191 1687 267 1746 Date
281 1688 368 1746 viam.
389 1687 455 1748 361.

189 1800 237 1860 De
250 1800 346 1878 capite
358 1820 426 1859 meo
439 1811 509 1860 sunt
521 1802 646 1860 comitia.
666 1801 733 1861 654.

189 1911 236 1969 De
249 1911 402 1970 industria.
423 1918 489 1977 374.

188 2021 236 2081 De
249 2041 404 2099 proxumo.
424 2019 460 2079 P.
473 2031 520 2082 31.

191 2133 238 2192 De
251 2153 366 2191 summo
378 2133 452 2192 loco.
474 2134 506 2192 P.
521 2141 568 2193 28.

190 2246 237 2305 De
251 2265 305 2304 suo
318 2246 463 2305 obsonari.
482 2254 549 2306 250.
643 2288 644 2291 ¹

189 2366 396 2426 Deblaterasti.
416 2375 482 2426 224

190 2475 346 2536 Declinavi
359 2495 407 2533 me
420 2485 502 2533 extra
514 2475 600 2533 viam.
621 2475 686 2535 665.

190 2588 352 2646 Decretum
364 2596 409 2646 est
422 2585 504 2644 mihi.
522 2592 587 2652 527.

190 2701 324 2758 Decumo
337 2718 437 2757 mense
449 2708 526 2775 post.
549 2704 613 2764 755.

189 2805 305 2864 Dedam
319 2805 495 2883 discipulam
508 2804 597 2864 cruci.
618 2813 664 2863 20.

190 2917 332 2976 Defecato
345 2916 451 2974 animo.
473 2923 519 2974 40.

191 3031 333 3091 Deferam
344 3049 453 3089 nomen
465 3039 557 3088 tuom.
578 3036 643 3095 370.

191 3144 308 3221 Degam
320 3144 459 3202 laborem.
482 3150 546 3202 122.

189 3254 316 3314 Deludis
330 3263 364 3312 ut
376 3254 460 3312 soles.
480 3260 545 3320 775.

190 3365 269 3423 Dem
281 3363 409 3422 insidias.
430 3361 497 3420 616.

806 807 1016 866 Diabathrarii.
1036 805 1102 873 467.

805 916 913 976 Dicam
925 917 981 976 tibi
994 916 1128 975 scribam.
1151 913 1216 982 716.

806 1029 865 1088 Die
878 1049 946 1087 uno.
968 1037 1014 1088 31.

805 1141 957 1202 Differam.
977 1149 1043 1200 400.

806 1254 945 1331 Digitum
958 1264 1169 1312 transvorsum.
1192 1258 1236 1309 18.

803 1366 935 1445 Dignam
948 1377 979 1426 te
992 1376 1027 1425 ut
1040 1375 1158 1424 aetatem
1171 1363 1280 1440 exigas.
1301 1370 1328 1421 4.

802 1479 855 1538 1)ίὶ
868 1483 944 1540 bene
958 1479 1091 1539 vortant!
1112 1485 1179 1536 213.
1192 1483 1258 1535 228.

802 1590 864 1660 Dii,
886 1591 1018 1669 deoeque,
1040 1598 1184 1667 quantum
1197 1597 1250 1647 est.
1271 1593 1336 1652 742.

803 1706 967 1764 Dimidiam
980 1713 1103 1783 partem.
1126 1710 1191 1771 724.

803 1816 972 1875 Dimidium
984 1812 1107 1874 obsonii.
1128 1820 1194 1879 247.

802 1925 988 2003 Discipulam
1002 1924 1092 1984 cruci.
1113 1931 1161 1982 20.

801 2034 974 2094 Discrucior
987 2033 1086 2092 animi.
1105 2030 1154 2092 66.

801 2143 999 2222 Dispartirem
1012 2141 1176 2201 obsonium.
1198 2148 1263 2199 238.

802 2254 1014 2334 Dispartiviati.
1034 2259 1101 2312 285.

802 2368 963 2445 Disputata
975 2376 1021 2425 est
1032 2364 1116 2424 ratio.
1136 2370 1202 2423 484

802 2477 933 2535 Divitior
947 2475 1015 2553 quis
1027 2477 1096 2532 me?
1119 2471 1184 2539 766.

802 2590 922 2649 Divorti
935 2589 960 2648 si
975 2589 1049 2668 quid
1061 2589 1134 2647 fuat.
1157 2593 1220 2656 190.

803 2701 899 2759 Dixis.
919 2719 974 2778 pro
988 2671 1106 2757 diceris.
1127 2705 1192 2764 701.

801 2814 959 2873 Donicum.
979 2833 1035 2891 pro
1048 2811 1151 2869 donec.¹
1166 2818 1210 2879 19.

802 2924 912 2982 Dotata
924 2932 970 2983 est
983 2920 1060 2981 satis.
1083 2920 1146 2990 196.

802 3036 881 3094 Dote
894 3054 1013 3094 cassam.
1036 3040 1100 3091 148.
1142 3081 1153 3105 ,

801 3147 895 3205 Dotes
909 3145 1045 3223 dapsiles.
1068 3150 1133 3202 124.

801 3256 923 3313 Ducant
935 3253 1065 3311 domum.
1085 3259 1151 3310 434.

801 3365 902 3423 Ducat
915 3363 1045 3420 domum.
1067 3361 1131 3429 567.

188 3474 344 3533 Deorsum.
386 3471 540 3549 (Quietem
559 3468 750 3547 significans.)
801 3480 901 3537 Ducat
914 3498 987 3537 eam.
1028 3476 1199 3552 (Uxorem.)
1223 3474 1254 3531 P.
1270 3481 1313 3533 33.

248 3595 313 3648 32].

190 3698 337 3755 Deorsum
349 3695 435 3754 duco.
456 3693 521 3754 662.

189 3805 270 3864 Deos
283 3804 372 3864 credo
386 3803 522 3864 voluisse.
543 3801 609 3871 699.
625 3809 689 3868 700.

189 3915 328 3993 Deponat
340 3915 417 3972 vino.
438 3920 503 3974 530.

191 4028 361 4105 Desquama
371 4026 475 4106 pisces.
496 4032 561 4085 352.

189 4142 325 4202 Detrusti
337 4162 394 4201 me.
413 4149 480 4212 289.

190 4251 272 4310 Deus
284 4249 357 4308 mihi
370 4249 513 4329 impulsor
526 4247 592 4306 fuit.
613 4245 678 4316 694.

189 4363 334 4422 Dexteras
347 4361 530 4440 copulantur.
552 4368 597 4427 77.

800 3590 935 3648 Dudum.
956 3587 1022 3657 639.

800 3700 893 3758 Duas.
913 3718 968 3777 pro
981 3698 1038 3756 dea.
1062 3703 1125 3767 195.

800 3809 902 3866 Duim.
922 3826 977 3885 pro
990 3803 1123 3863 dederim.
1144 3803 1209 3863 626.

800 3918 884 3977 Duit.
904 3937 960 3996 pro
973 3915 1089 3974 dederit.
1111 3923 1156 3974 23.

1058 4115 1096 4174 Ε.

799 4247 827 4306 Ε
841 4266 995 4325 proxumo.
1015 4243 1082 4304 246.

801 4358 846 4450 Ea
858 4357 961 4434 gratia
983 4364 1048 4415 228.
1072 4355 1103 4413 Ρ.
1117 4364 1163 4414 32.
