3250 5217
627 596 930 660 AULULARIA.

188 790 264 862 Eu.
288 791 408 865 Pone!

373 918 439 991 sn.
449 918 630 1016 Equidem
642 921 702 1016 pol
714 858 995 1120 ldeo
1004 927 1221 1001 consuetum,
1238 940 1354 988 senex.

187 1040 1367 1140 fflmmwfflmwmwmws

432 1196 507 1266 nge.

187 1290 252 1362 Sn.
279 1292 381 1378 Quid
406 1321 472 1393 ego
495 1302 652 1394 ponam?
705 1298 806 1385 Quin
834 1308 876 1371 tu
902 1297 1075 1392 eloquere,
1107 1295 1276 1391 quioquid
1301 1304 1368 1379 est,

434 1447 496 1495 suo
521 1424 674 1497 nomine.

278 1571 364 1645 Nou
378 1571 494 1647 hercle
509 1576 672 1673 equidem
687 1577 875 1672 quiequam
894 1576 1028 1672 sumpsi
1045 1600 1111 1647 neo
1127 1575 1244 1671 tetigi.

785 1800 789 1804 ῃ
850 1698 925 1772 En.
954 1696 1118 1773 Ostende
1135 1697 1205 1772 huo
1219 1700 1368 1771 manus!

188 1820 253 1893 Se.
277 1819 379 1895 Hem
396 1824 464 1896 tibi
481 1825 631 1909 ostendi,
649 1850 745 1898 eccas
761 1828 767 1895 l

323 1980 333 1999 ‘
383 1988 401 2010 ν
456 1954 531 2027 Eu.
553 1954 680 2029 Video.
731 1956 823 2053 Age,
840 1954 985 2028 ostende
1003 1955 1110 2026 etiam
1128 1954 1288 2025 tertiam!
1313 1968 1369 2029 595

189 2077 251 2151 Su.
280 2001 407 2152 lllldae
442 2078 539 2153 huno
574 2092 679 2179 atque
721 2070 941 2178 intemperiae
986 2079 1203 2174 insaniaeque
1228 2079 1369 2177 agitant

433 2229 562 2277 senem.

233 2489 252 2515 v.
264 2479 305 2517 ool.
326 2479 390 2517 Abest
405 2478 439 2516 hie
455 2487 523 2516 versus
537 2478 564 2515 ab
580 2476 630 2515 Eoo
649 2477 716 2515 Parm.
734 2476 782 2515 Ald
799 2476 870 2516 Lamb.
889 2477 932 2517 Ele.
957 2476 1040 2515 Habent
1056 2479 1126 2515 autem
1142 2486 1214 2516 omues
1225 2477 1293 2517 Nostr.
1307 2478 1369 2516 codd.

186 2551 304 2590 quanqum
314 2540 344 2580 iot
355 2540 428 2588 temon
439 2540 477 2578 nii
487 2541 567 2588 quidem
578 2551 615 2589 pro
626 2541 733 2589 Equt'dan,
746 2540 781 2578 sed
791 2540 831 2577 hoc
842 2538 932 2586 postulat
943 2537 1125 2577 Mettum-eor.
1140 2540 1195 2579 Pone
1205 2542 1248 2588 lsoe,
1257 2541 1290 2580 lta
1301 2550 1373 2579 omnes

189 2604 243 2642 Mss.
256 2607 277 2641 et
288 2603 356 2642 Noetu.
368 2607 390 2642 et
401 2603 476 2643 Vindd.
490 2602 529 2641 nisi
540 2603 596 2651 quod
606 2604 663 2642 abest
674 2603 708 2641 hio
719 2613 789 2643 verme
799 2602 826 2640 ab
837 2611 880 2639 uno
893 2601 918 2639 R.
927 2601 944 2638 2.
970 2600 1003 2639 Im
1014 2612 1095 2650 quoque
1107 2602 1157 2641 Edct
1175 2602 1231 2641 Vett.
1245 2603 1286 2641 Bo:
1298 2604 1324 2641 de
1335 2613 1372 2642 suo

188 2668 243 2706 Pone
253 2668 298 2712 lue,
314 2667 349 2705 sed
364 2667 426 2705 tersus
441 2668 565 2706 ost-tou
583 2667 616 2706 Ita
631 2667 695 2705 codd.
712 2666 751 2705 nisi
768 2666 824 2715 quod
835 2665 862 2703 ll.
876 2666 893 2711 l,
911 2667 952 2705 mo
963 2666 1057 2713 loquum
1075 2667 1101 2705 Η.
1114 2668 1164 2714 (tt,
1182 2671 1205 2707 tu
1221 2671 1306 2716 loquere.
1331 2670 1373 2707 Suo

186 2736 257 2771 autem
268 2731 427 2779 monosyllubioe
437 2730 601 2779 legend—ool.
616 2730 729 2777 Quum
743 2729 828 2777 memmei,
846 2728 900 2766 lise.
915 2728 955 2766 Bo:
972 2732 1042 2766 sulem
1053 2730 1166 2777 quidquam
1176 2732 1247 2771 mmm.
1273 2731 1313 2769 Pro
1324 2732 1371 2776 leue,

186 2791 237 2829 dant
248 2792 302 2831 mule
312 2793 350 2838 llic,
363 2794 388 2831 A.
402 2792 425 2829 Β.
439 2792 542 2829 r.-—tet
558 2790 645 2836 Ormi,
658 2800 730 2829 omnes
741 2790 803 2828 codd.
817 2792 890 2837 preter
902 2787 928 2825 Η.
941 2789 959 2833 2,
972 2789 1008 2827 ubi
1019 2792 1050 2828 est
1061 2792 1149 2837 monuo,
1162 2792 1197 2830 ssd
1208 2790 1275 2831 littere
1286 2792 1295 2829 ι’
1306 2802 1375 2839 super-

187 2853 255 2901 script.
268 2854 309 2892 Bo:
325 2855 412 2893 ostendo.
442 2853 467 2890 In
480 2852 506 2889 H.
519 2852 537 2898 ὅ,
559 2857 589 2891 est
606 2854 641 2890 En
657 2852 699 2897 tot,
718 2862 755 2900 pro
772 2852 825 2890 Hem
842 2850 884 2895 tibi,
902 2850 957 2898 quod
973 2850 1023 2889 dant
1039 2850 1117 2900 reliqui,
1136 2857 1157 2891 et
1177 2853 1227 2892 Edd.
1249 2853 1372 2893 Veto-Pro

186 2916 268 2953 enum
279 2914 374 2952 nonnulli
385 2914 447 2953 habet
458 2915 520 2954 eiam
531 2915 647 2964 repetitum,
665 2916 721 2963 quod
731 2919 801 2954 ortum
813 2920 844 2954 est
855 2926 881 2954 ex
893 2918 999 2953 contractu
1010 2914 1108 2963 seriptum
1119 2905 1166 2948 τοῦ
1178 2915 1264 2961 oniam,
1284 2915 1372 2963 (ilium)

187 2988 233 3026 quae
244 2978 266 3016 iu
276 2978 396 3026 quibusdam
407 2978 470 3017 codd.
482 2978 585 3027 reperimur.

226 3193 293 3255 591.
318 3184 359 3241 Te
369 3182 754 3259 datareoredoconsuetum]
806 3180 866 3238 III.
894 3180 1028 3239 Se.v111.

189 3280 318 3337 Luditur
334 3278 366 3335 in
379 3280 518 3337 obscoeno
533 3297 590 3335 usu
604 3276 688 3335 verbi
701 3296 753 3334 ne·
835 3294 865 3340 T,
881 3292 974 3341 “Shew
984 3307 1021 3339 me
1032 3307 1091 3351 your
1098 3291 1170 3339 hand.

187 3396 278 3451 quam
298 3375 411 3442 dolare,
435 3374 473 3432 de
491 3394 551 3451 quo
565 3374 642 3432 Vide
656 3373 752 3431 Gloss.
1008 3368 1041 3416 R·
1058 3370 1121 3416 Here
1138 3368 1182 3416 ’tis

187 3469 446 3546 ”Intelligendum
463 3479 563 3527 autem
575 3478 621 3527 est
634 3468 753 3527 Euclio-
835 3517 860 3564 R
886 3516 951 3576 Why
962 3518 1017 3566 here
1036 3444 1066 3490 Τ·
1082 3442 1282 3491 Βῑῐῖψὴθῑὼῖὴθ
1292 3442 1375 3491 ⁰⁸¹⁶ss

187 3584 257 3621 nem
270 3575 365 3622 vestes
378 3564 423 3620 illi
440 3575 588 3633 excutere,
610 3563 635 3620 si
648 3583 754 3622 aurum
931 3592 962 3640 ΤΙ
978 3593 1125 3642 Butlmean
1135 3593 1234 3641 wheress
1244 3608 1302 3651 your
1311 3593 1375 3639 om,

188 3659 221 3715 in
241 3658 298 3715 illis
313 3658 507 3716 abdidisset.“
537 3658 702 3717 comment.
716 3657 754 3716 ed
979 3670 1057 3716 land?

189 3754 263 3811 Cod,
278 3752 319 3810 H,
333 3751 361 3811 6,
835 3742 868 3791 R.
913 3742 991 3792 Think
1007 3758 1054 3801 you
1072 3759 1108 3790 me
1124 3743 1164 3791 the
1186 3744 1250 3803 giant
1268 3743 1323 3791 with
1344 3758 1374 3791 an

978 3819 1086 3868 hundred
1101 3820 1191 3868 handel

228 3889 294 3951 595.
335 3879 458 3959 Eccos]
489 3880 589 3940 ‘Here
602 3882 674 3959 they
688 3883 753 3940 are!
834 3894 864 3941 T.
909 3894 970 3943 Give
979 3910 1018 3943 me
1029 3910 1088 3953 your
1098 3894 1167 3955 right.

190 3979 270 4037 Ecce
284 3977 337 4036 has
345 4001 355 4047 ,·
378 3977 521 4035 δεικτικῶς.
1025 3970 1058 4017 R.
1074 3970 1117 4027 My
1132 3970 1209 4029 n‘ghtt

1066 4045 1095 4091 T.
1112 4045 1180 4093 Your
1187 4045 1236 4093 les.

227 4125 267 4135 —
319 4090 382 4168 Age
417 4088 530 4146 ostende
571 4088 656 4145 etiam
698 4097 754 4145 ler-
1185 4119 1218 4167 R·
1234 4121 1280 4179 My
1288 4121 1348 4170 lettl

189 4184 299 4264 liaml]
339 4186 417 4243 Cum
429 4182 486 4241 hoc
498 4183 563 4242 loeo
576 4184 692 4241 confert
704 4183 755 4242 In·
838 4195 867 4241 T.
913 4194 975 4241 Now
984 4192 1050 4241 both.

190 4290 280 4357 tel-pr·
301 4280 436 4339 Britanno
457 4297 560 4336 versus
581 4298 618 4336 ex
634 4288 692 4336 vet,
712 4279 755 4336 fa,
895 4269 928 4315 R.
944 4266 1117 4325 There’sboth,
1128 4270 1231 4327 mydear
1242 4269 1377 4319 Antonio.”

190 4376 270 4445 bula,
293 4376 340 4435 cui
361 4395 470 4434 nomen
487 4373 672 4443 Albumuzar,
687 4375 755 4434 Act.
849 4375 914 4445 596.
955 4375 1165 4456 IntemperioeJ
1207 4378 1303 4457 Supra
1316 4386 1361 4438 32.
