3250 5217
599 934 1052 1089 ¹ruurmro

356 1564 439 1641 Junr
473 1576 552 1639 tres
586 1561 706 1639 ferme
740 1562 834 1639 anni
868 1576 972 1651 sunt,
1010 1587 1099 1637 cum
1130 1561 1248 1637 aliam
1278 1561 1411 1638 Plauti

283 1699 455 1775 fabulam
498 1698 547 1775 ad
580 1698 621 1775 id
664 1698 889 1799 exemplum
928 1696 1034 1797 quod
1075 1695 1116 1770 in
1158 1695 1413 1771 Menaeohmis

280 1832 442 1909 edendis
476 1832 730 1921 exhibuerim,
773 1857 837 1906 me
875 1856 1020 1931 paucos
1056 1844 1145 1931 post
1181 1856 1335 1906 menses
1371 1830 1413 1905 in

282 1951 411 2043 lucem
444 1964 620 2042 daturum
657 1966 911 2068 promiserim.
962 1966 1016 2041 Et
1048 1964 1218 2065 quidem,
1258 1966 1291 2041 si
1326 1990 1412 2066 pro-

283 2098 408 2200 posito
454 2123 541 2174 meo
586 2092 742 2174 omnino
788 2098 994 2185 stetissem,
1037 2122 1109 2172 nec
1156 2097 1232 2172 nisi
1279 2097 1412 2173 Bothii

284 2242 447 2319 textum,
481 2228 644 2329 adjectis
676 2228 821 2303 notulis
853 2228 1100 2326 quibusdam,
1137 2242 1176 2303 et
1208 2230 1414 2305 verborum

284 2364 576 2439 inusitatiorum
608 2361 806 2461 glossario,
850 2359 1071 2450 edidissem,
1113 2360 1275 2437 fortasse
1309 2361 1414 2438 haud

200 2592 204 2597 ι
284 2496 469 2595 opinione
500 2520 587 2569 mea
614 2508 653 2570 et
683 2494 883 2596 promissis
917 2493 1037 2569 falsus
1068 2519 1194 2570 essem
1226 2508 1416 2596 repertus.

285 2626 385 2715 Quis
418 2639 548 2702 autem
579 2627 705 2702 nescit
733 2627 982 2725 quotidianas
1012 2626 1107 2703 istas
1137 2628 1415 2729 promissorum

285 2780 428 2843 temere
449 2768 657 2844 effusorum
678 2766 971 2844 frustrationes?
996 2769 1085 2868 quis
1106 2772 1415 2870 promittentium

180 2930 182 2934 ’
284 2904 578 2980 exeusationes?
629 2902 730 2991 Quis
768 2928 943 3003 unquam
988 2917 1056 2979 aut
1094 2904 1235 2979 librum
1279 2905 1414 2994 edidit,

285 3047 352 3109 aut
383 3033 436 3109 “se
482 3033 677 3109 editurum
716 3032 956 3134 praedicavit,
1000 3059 1071 3110 nec
1117 3059 1158 3110 se
1201 3035 1416 3118 innumeris

284 3167 572 3267 inopinatisque
599 3166 889 3268 impedimentis
917 3169 1172 3268 praepeditum
1206 3194 1303 3260 esse,
1337 3195 1415 3268 quo

284 3304 414 3377 minus
431 3300 631 3401 promissis
656 3309 786 3388 staret,
816 3312 1000 3398 expertus
1028 3304 1114 3376 esti
1166 3301 1315 3377 Cavere
1343 3303 1414 3401 igi-

286 3448 348 3509 tur
379 3432 420 3507 in
454 3445 663 3533 posterum,
698 3456 772 3507 usu
805 3431 955 3521 doctus,
995 3433 1232 3525 meminero,
1268 3434 1416 3510 interea

286 3568 469 3643 lectorem
496 3566 693 3668 placatum
719 3566 849 3642 forsan
874 3566 1057 3656 habuero,
1083 3594 1205 3667 quum
1225 3568 1299 3644 hac
1325 3594 1413 3645 nos·

286 3714 345 3776 tra
368 3700 500 3777 fabula
526 3700 709 3801 perlecta,
740 3700 837 3776 illud
868 3693 1015 3802 optime
1040 3703 1232 3777 monitum
1255 3704 1414 3781 invene·

288 3833 348 3922 rit,

321 4036 411 4109 “Qui
434 4036 522 4095 homo
545 4038 664 4117 culpam
684 4036 803 4113 admisit
824 4038 857 4096 in
878 4058 919 4111 se,
941 4038 1065 4110 nullufst
1085 4050 1147 4099 tam
1165 4040 1251 4118 parvi
1270 4040 1369 4119 pretii,

348 4156 447 4229 Quem
469 4158 589 4236 pudeat,
611 4177 702 4236 quom
721 4169 831 4238 purget
850 4160 980 4219 sese?-

363 4319 466 4395 Illud
499 4332 631 4395 tamen
660 4343 774 4419 spero
803 4345 853 4395 ex
883 4342 992 4393 mora
1018 4328 1150 4393 nostra
1179 4316 1416 4393 beneficium

288 4452 430 4527 Plauto
458 4452 679 4551 contigisse,
713 4463 767 4540 ut,
802 4452 835 4526 si
865 4477 942 4527 non
978 4448 1217 4526 emendatior
1245 4449 1332 4548 ejus
1358 4449 1414 4523 sa-

678 4816 912 4911 statas
