3250 5217
284 598 351 682 171
700 593 1011 660 0000001000

282 798 352 858 Ter.
361 795 458 862 Andr.
471 795 495 854 1.
509 813 533 856 1.
546 801 593 864 90.
614 800 633 828 “
642 774 785 872 Efflrtur,
798 793 890 851 imus.
900 835 908 851 .
919 791 970 850 .ad
983 789 1153 868 sepulcrum
1167 787 1330 848 venimus”
1356 787 1429 848 Juv.

282 909 343 969 Sat.
358 908 383 968 1.
397 917 444 976 72.
486 908 573 974 “Per
594 907 703 967 famam
723 917 754 966 et
777 905 924 984 populum
945 903 1050 980 nigros
1067 901 1173 982 efflrre
1193 901 1342 964 maritos.''
1380 900 1427 960 ld

280 1023 368 1085 xlv.
381 1030 447 1083 220.
487 1021 636 1082 “Elatum
652 1022 717 1101 jam
738 1020 826 1080 crede
847 1038 968 1091 nurum,
988 1018 1013 1076 si
1032 1016 1136 1076 limine
1155 1027 1256 1079 vestro
1272 1015 1429 1076 Mortifera

281 1151 350 1194 cum
365 1131 446 1193 dote
472 1130 580 1192 subit-⁶*
628 1129 740 1190 Noster
766 1129 852 1192 Asin.
871 1136 938 1198 591.
984 1127 1139 1192 “Utinam
1167 1125 1211 1186 sie
1235 1124 1428 1205 ffmomurff

282 1243 371 1322 Epid.
393 1251 457 1310 170.
498 1243 662 1304 “Uxorem
682 1257 774 1318 quum
793 1238 947 1301 catulini?
1076 1298 1080 1306 ,

337 1448 403 1509 526.
451 1441 601 1532 Unum]
649 1451 746 1529 Supra
765 1457 812 1510 38.
843 1448 941 1508 Gloss.
1067 1464 1070 1472 ’

345 1688 396 1702 -—
450 1641 491 1714 A
511 1646 599 1734 me.]
652 1654 681 1712 Α
708 1654 797 1713 domo
823 1675 897 1714 mea.
950 1655 1031 1712 Men.
1057 1660 1104 1712 20.
1138 1650 1177 1709 G.
1216 1649 1313 1718 Adde,
1342 1648 1391 1716 sis,
1414 1669 1434 1706 a

283 1764 434 1822 Gnouov:
474 1762 557 1823 Lect.
585 1762 683 1824 Pluut.
708 1766 773 1826 'Cic
803 1784 860 1842 pro
886 1764 951 1822 Mil.
1000 1762 1133 1822 “Aricia
1160 1759 1280 1819 rediens
1310 1755 1435 1816 divertit

284 1873 409 1934 Clodius
429 1875 470 1932 ud
496 1894 528 1932 se
544 1875 578 1933 in
605 1875 784 1936 Albanum.”
819 1876 851 1933 in
872 1876 972 1934 villum
999 1874 1111 1935 scilicet
1137 1892 1221 1932 suam
1247 1872 1279 1929 iu
1305 1871 1432 1930 Albano.

287 1984 332 2043 ld.
353 1984 450 2063 Epist.
471 1984 509 2043 ad
530 1984 649 2046 Terent.
690 1988 866 2048 “Postridie
883 1987 1017 2046 intellexi
1037 2006 1127 2066 quum
1146 2006 1166 2044 a
1187 1983 1266 2044 uobis
1285 1983 1434 2043 discessi.”

286 2099 305 2154 i.
319 2119 344 2157 e.
365 2097 454 2157 domo
474 2109 583 2157 nostra.
607 2103 659 2159 &c

340 2329 406 2380 528.
455 2312 672 2406 Μοὤ1111111.]
720 2320 855 2383 Drunls.
907 2325 1004 2383 Gloss.
1030 2323 1104 2381 Cod.
1128 2323 1170 2380 H.
1183 2320 1212 2381 6.
1252 2319 1432 2387 ''Modidus,

285 2430 413 2501 infectus
433 2440 513 2509 vino,
541 2440 588 2500 vel
612 2440 812 2520 qualicunque
835 2448 898 2500 re.“
947 2439 1006 2499 Cui
1035 2438 1216 2498 contrarium
1242 2446 1289 2495 est
1317 2435 1433 2498 siccum

287 2553 421 2630 (Sober.)
462 2552 538 2610 Hor.
559 2552 618 2611 Od.
640 2552 696 2612 IV.
717 2574 745 2611 v.
773 2543 819 2622 09.
868 2559 887 2586 ‘¹
896 2550 974 2611 Sicci
997 2571 1084 2611 mune
1108 2551 1167 2619 die,
1195 2548 1325 2609 dicimus
1345 2545 1434 2616 ouidi,

284 2648 331 2740 (h.
345 2684 370 2722 e.
394 2661 528 2742 madidi)
556 2664 634 2722 Cum
661 2663 711 2723 sol
739 2664 860 2724 Oceano
889 2664 1018 2722 0010οῖ.η
1062 2661 1124 2723 Ubi
1152 2661 1210 2720 aliu
1237 2659 1374 2738 exempla
1398 2679 1436 2719 ex

287 2775 391 2836 eodem
417 2775 608 2834 contulerunt
634 2775 769 2854 Interpp.
816 2775 905 2835 Adde
933 2775 995 2834 Sat.
1016 2773 1061 2833 11.
1084 2794 1107 2832 1.
1126 2783 1154 2846 9.
1195 2770 1438 2851 “Irriguumque

288 2908 369 2949 mero
389 2889 445 2948 sub
465 2898 583 2948 noctem
604 2907 712 2967 corpus
735 2887 893 2948 habento.''
935 2889 1017 2949 Hinc
1040 2887 1156 2947 luditur
1177 2887 1209 2946 in
1231 2907 1304 2946 voce
1323 2885 1436 2964 Amph.

285 3010 355 3081 1149.
395 3009 415 3036 “
423 3000 552 3070 Faciam,
573 3011 608 3059 ut
626 3001 667 3059 sit
687 2998 821 3059 madidus
843 3001 985 3062 sobrius.”
1026 3001 1076 3061 Sic
1095 3001 1130 3059 in
1144 3020 1231 3060 seem
1247 2999 1438 3060 festivissima

286 3107 396 3174 Pseud.
422 3122 505 3186 1292.
546 3112 656 3176 “Non,
669 3112 752 3174 vides
775 3133 834 3186 me,
855 3125 890 3173 ut
911 3113 1024 3173 madido
1049 3113 1222 3174 modeum?”
1262 3114 1364 3194 Vulgo
1382 3135 1437 3174 nos

289 3224 321 3282 in
343 3243 376 3282 re
399 3221 487 3282 simili
509 3221 646 3292 dicimus,
679 3221 723 3280 To
741 3221 857 3281 moisten
876 3225 952 3281 one's
971 3222 1045 3303 clay.

354 3456 402 3466 -
461 3378 499 3487 Si
525 3397 631 3507 vivo]
679 3391 768 3484 Ι’Ἴο
790 3437 871 3486 recte
904 3424 997 3484 Codd.
1030 3428 1115 3486 Conf.
1149 3427 1258 3486 Bacch.
1280 3427 1335 3487 IV.
1365 3445 1394 3484 v.
1409 3426 1437 3486 6.

287 3523 384 3622 [730.
397 3543 453 3620 Β.]
494 3541 661 3602 “Vorsabo
681 3565 738 3620 ego
764 3543 853 3603 hodie
877 3545 971 3616 illum,
997 3545 1023 3603 si
1043 3544 1114 3615 uiuo,
1138 3547 1256 3632 probe-'³
1269 3554 1289 3581 “
1329 3545 1437 3607 Heus.

232 3723 233 3726 Ἰ
291 3655 371 3715 Vide
392 3656 423 3712 in
443 3654 528 3713 Nott.
550 3655 634 3713 Criu..

288 3965 291 3972 ἱ
347 3883 412 3935 530.
461 3827 660 3962 Delionat]
724 3872 795 3954 Lay
818 3892 868 3934 me
892 3893 935 3934 00
960 3893 1013 3954 my
1042 3873 1133 3948 00010,
1159 3873 1219 3956 sor
1244 3871 1336 3934 deod.
1394 3877 1440 3934 Eo

292 4017 379 4056 sensu
402 4018 461 4076 quo
483 4017 590 4076 corpus
609 3994 730 4074 positum
753 4007 805 4056 eut
828 3997 1009 4076 compositum
1027 3997 1191 4068 dicebatur,
1213 3998 1267 4057 ubi
1287 4007 1439 4057 mortuum

293 4119 368 4179 erat3
391 4110 426 4167 E.
441 4131 470 4186 g.
512 4109 569 4167 Ov.
591 4108 715 4167 Heroid.
738 4128 768 4166 x.
793 4117 857 4168 122.
899 4119 918 4145 “
927 4108 1021 4167 Posui
1042 4110 1149 4167 artus.”
1191 4109 1265 4167 Hor.
1281 4109 1439 4168 Set.1.1x.

293 4225 340 4278 28.
382 4218 522 4276 “Omnes
544 4217 711 4296 composui.''
760 4217 846 4294 Virg.
869 4216 934 4274 AEn.
955 4218 996 4276 11.
1017 4217 1084 4278 644.
1125 4217 1216 4288 “Sic,
1245 4237 1272 4287 o,
1302 4216 1441 4296 0100οεί-

291 4329 785 4410 1000111011010000110000000.”
827 4330 908 4390 Pers.
928 4332 988 4390 Sat.
1012 4332 1069 4393 111.
1099 4339 1164 4392 104.
1209 4329 1311 4395 “Alto
1330 4350 1440 4409 compo-
