3250 5217
582 538 631 600 m
658 535 998 600 Annuusnmu.
1183 498 1185 501 ’
1293 535 1359 598 ms

266 751 333 812 635.
381 745 520 818 Malam
543 745 650 839 tem]
709 761 831 840 Plagae,
852 770 904 818 aut
923 760 981 820 tale
1001 759 1122 838 aliquid.
1173 760 1270 837 Supra
1292 768 1359 826 437.

268 967 335 1029 oso.
382 958 531 1052 Juxta]
579 975 780 1036 ”siminus“
834 978 912 1034 uon.
939 973 1011 1050 cap.
1032 972 1088 1030 1v.
1109 979 1176 1030 ose.
1210 969 1262 1048 qui
1290 971 1360 1031 erut

212 1094 293 1154 hunc
312 1106 438 1167 textum,
463 1107 494 1157 et
515 1097 651 1156 Trinum.
693 1097 875 1176 “Juxtaque
898 1117 963 1156 eam
984 1117 1056 1155 curo
1073 1115 1135 1152 cum
1150 1096 1241 1152 mea''

276 1327 326 1337 -
384 1282 536 1375 Tenea]
592 1294 662 1355 You
686 1293 915 1363 understuud;
965 1311 1021 1352 ore
1061 1288 1227 1370 possessed
1264 1288 1352 1349 with.

214 1412 283 1473 Hoc
306 1434 394 1473 sensu
412 1417 523 1493 passim
549 1417 631 1495 apud
661 1418 814 1486 Nostrum,
841 1428 872 1475 et
891 1415 940 1474 vel
959 1412 1102 1482 absolute,
1123 1413 1172 1472 vel
1191 1434 1260 1472 eum
1280 1433 1359 1482 casu,

212 1527 350 1586 occurrit.
403 1529 475 1586 Cist
503 1537 570 1596 277.
620 1531 726 1588 “Rem
747 1531 850 1588 tenes.’'
888 1536 954 1588 341.
999 1535 1017 1562 “
1032 1527 1125 1586 Teneo
1158 1526 1235 1584 istuc
1262 1525 1359 1586 satis?

213 1636 299 1695 Cure.
320 1644 366 1696 44.
409 1637 533 1698 “Recte
562 1641 664 1696 tenes?
691 1641 744 1698 &e
788 1638 871 1696 Infra
892 1645 958 1706 739.

252 1835 336 1907 λ637·
385 1831 525 1930 supet]
577 1839 784 1921 Respectu'ug.
843 1841 932 1914 Quod
947 1841 1060 1913 attinet
1087 1839 1134 1897 ad.
1183 1841 1264 1897 Con:
1293 1840 1360 1896 Ms:

209 1963 225 1982 ''
235 1961 340 2041 Super,
363 1962 401 2020 de
409 1985 418 2032 3
447 1972 481 2020 ut
504 1962 589 2040 Virg.
604 1960 671 2018 AEn.
686 1962 710 2019 Ι.
732 1967 798 2027 750.
838 1959 967 2017 “Multa
980 1978 1068 2036 super
1082 1956 1202 2015 Priamo
1215 1957 1356 2034 rogitans,

213 2085 300 2144 super
320 2065 447 2124 Hectore
466 2066 613 2124 multa”“

269 2269 336 2330 638.
380 2262 457 2336 Fac
472 2265 690 2336 mentionem
707 2262 816 2350 cum]
871 2268 1114 2331 Communicote
1131 2267 1221 2328 coitu.
1273 2271 1361 2330 Hanc

215 2391 363 2467 syntaxin,
383 2411 439 2469 pro
460 2411 548 2470 agere
571 2411 640 2449 cum
663 2391 763 2469 aliquo
781 2389 890 2459 verbis,
912 2389 1011 2446 dicere
1028 2387 1110 2466 apud
1127 2387 1265 2465 aliquem,
1279 2397 1363 2446 notat

216 2502 326 2574 Giton:
355 2502 448 2561 citans
470 2503 543 2562 Gist.
567 2510 631 2562 134.
673 2502 787 2580 “Saepe
813 2522 931 2561 mecum
949 2499 1268 2578 mentionemficerau'
1312 2501 1364 2559 Ad

215 2617 342 2674 verbum
364 2635 427 2685 noS,
452 2614 544 2673 Molee
565 2615 695 2674 mention.

270 2821 337 2894 639.
384 2811 570 2906 Reseoro]
598 2823 621 2883 I
643 2823 761 2884 uuuslu.
815 2829 918 2886 Fusa:
952 2827 1122 2896 Resecrare,
1152 2827 1265 2885 solvere
1294 2827 1363 2885 reli-

214 2947 311 3024 gione.
351 2946 388 3005 In
409 2967 499 3024 quem
526 2949 664 3007 observat
685 2947 770 3006 Dec:
799 2949 871 3006 ”Ea
892 2948 1100 3026 superstitione
1121 2948 1251 3006 imbutos
1272 2947 1364 3006 fuisse

215 3057 351 3128 Veteres,
382 3070 416 3116 ut
437 3059 461 3117 si
486 3060 553 3137 quis
575 3060 689 3118 obsecro
717 3059 840 3130 dixerat,
871 3080 941 3118 eum
965 3080 1055 3138 quem
1078 3058 1286 3136 alloquebatur
1311 3061 1364 3117 ob-

215 3174 361 3250 stringere
388 3173 580 3252 obligareque
603 3174 732 3252 quodam
765 3185 947 3233 sacramento
975 3183 1005 3231 et
1026 3172 1225 3252 jurejurando
1248 3172 1365 3232 videre·

215 3297 274 3356 tur,
298 3285 378 3344 unde
399 3287 518 3346 liberari
541 3307 601 3344 non
622 3297 731 3364 posset,
758 3287 816 3344 nisi
843 3285 932 3355 idem,
970 3285 1021 3362 qui
1049 3286 1261 3354 obsecraverat,
1290 3306 1364 3344 rese-

216 3405 322 3474 craret,
350 3397 457 3466 idest,
482 3417 516 3455 ea
537 3396 681 3473 religione
700 3397 860 3456 solveret.“
898 3397 977 3454 Citat
1001 3397 1101 3454 Face:
1123 3396 1209 3454 Com.
1233 3396 1313 3475 Nep.
1333 3397 1366 3454 in

216 3509 314 3568 Alcib.
343 3508 416 3587 Cap.
443 3508 499 3567 VI.
528 3507 567 3566 ad
597 3508 647 3565 lin.
697 3507 883 3586 “Iidemque
914 3507 959 3564 illi
987 3505 1176 3584 Eumolpidae
1199 3507 1365 3566 secerdotes

215 3642 319 3680 rursus
350 3642 498 3680 resecrare
525 3621 592 3700 [vel
618 3620 799 3698 resecrare]
836 3629 905 3677 sunt
932 3619 1035 3688 coacti,
1059 3619 1115 3696 qui
1143 3638 1212 3678 eum
1238 3618 1367 3678 devove-

216 3736 308 3793 rant.”
343 3735 362 3791 i.
377 3756 402 3793 e.
423 3734 579 3794 devotione
599 3732 734 3792 liberare.
774 3731 951 3789 Notandum
977 3741 1077 3789 tamen
1098 3740 1152 3803 est,
1170 3733 1297 3790 verbum
1321 3752 1366 3789 re-

216 3863 331 3902 secrare
354 3864 410 3922 pro
436 3863 469 3900 re
494 3843 643 3901 obsecrare
665 3861 825 3919 usurpasse
850 3841 989 3898 Plautum
1016 3839 1049 3898 in
1084 3839 1166 3898 Pers
1184 3848 1230 3899 48.
1271 3839 1366 3898 “Ob-

217 3973 309 4022 semo,
343 3952 521 4031 Reseeroque
554 3961 594 4019 te,
628 3969 749 4028 operam
775 3949 815 4006 da
839 3949 917 4008 hanc
942 3948 1016 4006 mihi
1049 3948 1194 4006 fidelem.''
1246 3948 1275 4028 (1
1309 3950 1365 4008 im-

215 4065 300 4144 plore
323 4085 384 4142 you
405 4064 492 4142 again
514 4063 574 4122 and
597 4062 708 4140 again.)
750 4061 840 4121 Unde
860 4073 961 4120 nostro
981 4061 1121 4138 equidem
1143 4061 1218 4131 loco,
1240 4061 1367 4142 (absque

195 4175 300 4235 'Festi
326 4177 501 4236 auctoritate
526 4184 613 4244 esset,
642 4175 695 4253 qui
718 4193 788 4234 eum
816 4173 967 4252 superiore
990 4173 1204 4249 significatione
1226 4176 1366 4255 accepit)

218 4289 299 4348 haud
325 4291 438 4351 invitus
465 4310 576 4350 resecro
600 4309 657 4369 pro
679 4310 715 4348 eo
739 4289 820 4366 quod
846 4300 923 4349 esset
948 4289 1050 4346 iterum
1074 4289 1229 4367 iterumque
1248 4289 1367 4350 ¹obsecro

298 4406 336 4456 24
