3250 5217
645 598 943 662 AULULARIA.
1340 602 1390 669 99..

296 796 391 868 Deos
408 796 511 869 eredo
528 795 688 880 voluisse,
706 819 789 868 nam
806 796 844 866 ni
862 794 1006 880 vellent,
1024 820 1094 867 non
1112 796 1222 881 fieret,
1241 798 1320 871 scio.

199 920 274 994 Eu,
298 922 357 995 At
382 947 447 1019 ego
470 922 552 996 deos
579 920 680 994 credo
701 920 862 1005 voluisse,
887 934 930 993 ut
955 922 1049 1018 apud
1075 946 1131 994 me
1157 934 1193 995 te
1214 923 1252 995 in
1276 949 1382 997 nervo

445 1071 585 1119 eneoem
598 1048 604 1117 !

200 1168 277 1240 Lv.
297 1166 356 1241 Ne
373 1171 465 1243 istuc
482 1169 593 1242 dixis!

433 1294 509 1368 Eu.
528 1294 631 1381 Quid
648 1295 715 1367 tibi
732 1318 815 1389 ergo
832 1318 946 1366 meam
964 1296 1153 1369 meinvit'o
1171 1298 1280 1370 tactio
1297 1301 1378 1370 est?

1324 1063 1382 1120 700

242 1486 261 1514 v.
274 1478 315 1517 m
340 1480 392 1517 neor
406 1488 435 1517 cr.
452 1479 489 1517 rot
514 1479 548 1516 Ita
562 1477 625 1515 codd
641 1481 663 1515 et
678 1476 746 1515 Nostr.
762 1480 784 1515 et
800 1474 876 1514 Vindd
894 1479 915 1514 et
931 1476 995 1515 miror
1010 1487 1133 1526 quemquam
1147 1480 1297 1528 transposuisse.
1322 1482 1381 1527 Deos,

197 1537 305 1586 monosyll.
320 1545 345 1577 ut
355 1540 419 1588 Supra
426 1551 445 1578 v.
454 1541 583 1585 elle—700.
596 1540 643 1578 Hoc
653 1539 699 1578 loco
710 1543 750 1577 tres
765 1538 828 1576 Codd.
847 1539 878 1587 (Α.
889 1538 915 1577 Η.
924 1540 942 1576 2.
951 1539 979 1583 ὁ.)
993 1540 1070 1579 hebent
1084 1542 1147 1581 credo
1160 1544 1206 1582 drot
1220 1544 1259 1581 vol.
1273 1543 1308 1582 aed
1319 1544 1380 1593 longe

196 1603 278 1646 prestat
292 1601 355 1649 repeti
368 1602 456 1641 eundem
468 1602 561 1640 ordinem
573 1610 635 1649 quem
647 1601 670 1638 in
684 1600 752 1649 prlore
766 1610 823 1638 versu
838 1599 1024 1649 dedimus-Apud
1038 1612 1069 1641 mc
1080 1603 1104 1649 te,
1119 1602 1149 1641 ita
1159 1608 1213 1643 recte
1225 1604 1322 1643 Recentt:
1336 1611 1383 1655 post

198 1659 316 1700 nennium.
340 1664 409 1703 Nostri
421 1664 489 1703 codd:
501 1664 551 1702 dant
565 1664 622 1711 apud
637 1666 655 1702 a
668 1672 710 1704 ete.-
725 1662 759 1701 aed
771 1661 794 1699 in
807 1662 834 1708 A,
847 1668 878 1701 est
889 1672 920 1701 me
931 1673 990 1711 super
1004 1665 1022 1702 te
1033 1664 1159 1714 mperscript
1173 1666 1226 1704 etin
1238 1665 1265 1703 Η.
1274 1666 1292 1711 2,
1307 1676 1384 1705 eorrec-

197 1725 246 1763 toris
258 1736 332 1765 manus
343 1728 493 1777 uansponenda
503 1737 545 1765 esse
556 1727 600 1765 hec
610 1725 733 1775 pronomina
742 1725 812 1772 lubet:
825 1729 846 1763 et
857 1724 886 1763 sic
898 1724 1076 1765 Hane-eneam
1086 1731 1154 1766 autem
1166 1727 1226 1777 longe
1237 1728 1306 1777 plures
1317 1729 1380 1768 codd.

195 1789 277 1835 micea,
291 1790 315 1828 R
326 1791 342 1827 l.
356 1791 378 1828 c.
387 1791 410 1828 B.
420 1790 439 1828 b.
452 1800 503 1838 quoa
514 1796 594 1829 semma
604 1792 634 1827 eat
645 1788 687 1827 Bo:
698 1790 745 1837 post
755 1787 802 1825 Ald
829 1787 876 1826 Vid
886 1786 935 1825 Intr.
945 1788 1074 1833 m—701.
1088 1790 1157 1836 Deris,
1172 1791 1205 1829 lea
1215 1790 1306 1840 plerique
1318 1791 1380 1831 codd,

197 1848 250 1895 Duo,
265 1851 319 1897 H.³‚
331 1856 353 1890 et
363 1851 385 1897 c,
401 1852 477 1894 atem
491 1852 581 1902 quinque
595 1839 706 1900 due'rpuar
719 1850 905 1895 atem-Meam,
922 1850 977 1898 quod
991 1852 1041 1891 dant
1056 1853 1122 1901 plures
1137 1854 1207 1899 codd.
1224 1853 1382 1903 monosyllrbloe

196 1914 340 1961 pronuntiant.
365 1915 413 1953 Non
422 1915 482 1976 male
496 1920 565 1954 autem
577 1915 604 1960 A,
620 1917 642 1953 et
655 1914 678 1952 R
692 1914 709 1959 1,
725 1922 776 1957 moa,
794 1912 877 1961 <plurali
891 1921 977 1951 numero
983 1914 997 1958 ;)
1014 1914 1048 1951 sed
1068 1925 1116 1952 cum
1127 1914 1149 1953 id
1163 1915 1260 1954 facillime
1274 1921 1341 1965 posset
1355 1928 1382 1956 ax

195 1982 300 2018 contracta
312 1977 378 2017 forma
389 1984 434 2012 του
446 1988 516 2023 mm,
530 1982 562 2025 (ut
572 1978 692 2025 plerumque
702 1975 724 2013 ln
736 1974 798 2013 ustis
809 1975 933 2021 uniretur)
949 1980 1021 2014 natum
1033 1987 1081 2024 ease,
1097 1977 1161 2016 malui
1173 1979 1278 2027 vulgatum
1289 1979 1380 2020 munere,

196 2116 255 2175 Od.
276 2115 336 2174 111.
357 2135 446 2174 xxrx.
467 2122 514 2184 45,

365 2229 381 2251 ‘⁶
394 2225 451 2272 Non
464 2233 543 2271 temen
557 2222 647 2270 irritum

227 2302 391 2360 Quodcunque
406 2309 465 2349 retro
480 2309 516 2348 est
528 2298 628 2358 efficiet3
643 2312 719 2355 neque

227 2374 341 2436 Diffinget
354 2374 515 2433 infectumque
530 2373 610 2420 reddet

228 2451 298 2507 Quod
311 2451 403 2509 fugiens
417 2445 490 2498 sem'el
504 2450 561 2497 hora
575 2446 660 2495 vexit.”

197 2542 279 2601 citat
289 2542 351 2601 Bo:
366 2543 435 2601 Ter.
450 2541 571 2599 Phorm.
582 2539 621 2597 V.
632 2558 704 2596 v111.
716 2544 763 2597 45.

196 2658 214 2679 ‘⁶
228 2654 317 2702 Verum
331 2653 426 2712 quando
443 2651 492 2712 J'am
513 2650 646 2698 accusando
661 2648 710 2696 fieri
726 2648 763 2695 in-

285 2729 372 2776 fectum
387 2743 435 2775 non
449 2734 534 2784 potest.

226 2801 349 2861 Ignoscel’

236 2893 304 2964 699.
347 2894 422 2952 Deos
435 2892 519 2951 credo
532 2891 680 2970 volume]
701 2890 762 2949 Ex-

197 3000 282 3049 cusat
299 3011 330 3048 se
348 2988 517 3066 Lyconides
535 2986 616 3065 quod
633 2986 763 3064 puellam

198 3086 356 3155 vitiaverit,
378 3086 471 3144 relato
497 3081 630 3144 facinore
651 3103 705 3141 suo
725 3082 764 3139 ad

199 3182 279 3239 Deos
306 3179 503 3257 instigatores.
543 3180 763 3255 Argumentum

197 3298 236 3337 ex
261 3278 435 3337 necessitate
462 3276 593 3333 fatorum
618 3271 762 3350 pendens,

199 3376 284 3454 cujus
301 3385 385 3434 erant
399 3372 497 3432 Graeci
510 3369 688 3450 philosophi,
709 3389 762 3447 po-

197 3470 344 3530 tissimum
359 3467 458 3536 Stoici,
473 3485 613 3525 suasores.

237 3591 303 3650 700.
338 3584 381 3641 At
399 3603 450 3660 ego
464 3580 540 3649 deos,
555 3580 630 3657 etc]
671 3576 764 3636 Hand

198 3679 275 3737 male
290 3680 339 3738 isti
357 3678 521 3737 defensioni
538 3676 698 3755 respondet
717 3674 763 3732 in·

197 3776 325 3853 dignans
349 3774 463 3845 Euclio,
485 3785 659 3852 argumento
685 3772 764 3852 ejus·

198 3874 268 3933 dem
285 3882 411 3930 monetoe
426 3871 568 3930 adhibito.
609 3870 680 3929 Huc
697 3888 764 3947 per·

197 3969 275 4027 tinet
285 3965 473 4025 festivissima
483 3964 583 4022 fabula
596 3984 686 4041 quam
696 3982 763 4020 nar-

197 4077 244 4125 rat
254 4065 376 4122 Eresos.
385 4064 416 4122 in
425 4061 521 4137 Adag.
530 4061 764 4139 superproverb.

199 4168 220 4195 “
233 4159 271 4219 Ut
280 4154 544 4235 remeatemfecerir
557 4157 598 4214 ita
608 4168 638 4215 et
647 4158 766 4216 metes;”

199 4254 298 4313 Verba
318 4254 384 4333 ejus
404 4263 482 4321 sunt,
506 4252 609 4310 Refert
629 4251 766 4310 Laertius

198 4348 230 4406 in
252 4349 379 4418 Zenone,
403 4366 472 4406 eum
495 4365 612 4403 servum
633 4344 664 4404 in
684 4346 766 4404 furto

812 2110 1031 2188 deprehensum
1051 2114 1180 2185 caedere3
1206 2115 1318 2176 Servus
1335 2119 1379 2175 in-

812 2206 899 2265 terim
924 2208 1077 2280 clamabat,
1097 2208 1129 2266 in
1148 2211 1217 2269 fatis
1237 2212 1382 2272 fuissent

813 2302 970 2359 furaretur.
1006 2303 1049 2361 At
1061 2302 1175 2374 Zenon,
1192 2306 1268 2364 illud
1281 2307 1379 2379 etiam,

813 2408 849 2455 ut
862 2396 1024 2456 caedereris.
1056 2398 1167 2459 Servus
1178 2403 1316 2479 quoniam
1328 2425 1380 2462 au-

815 2492 910 2551 dierat
926 2491 1032 2550 herum
1053 2493 1254 2572 disputantem
1272 2497 1310 2556 de
1328 2518 1380 2557 ne·

813 2588 949 2647 cessitate
970 2588 1110 2657 fatorum,
1134 2610 1199 2648 eam
1222 2595 1381 2670 praetexuit

815 2706 868 2743 suo
885 2686 1048 2744 commisso.
1090 2686 1150 2745 Sed
1171 2688 1243 2747 scite
1263 2692 1382 2750 retorsit

812 2782 1016 2860 philosophus.

850 2926 890 2937 —
934 2888 972 2950 Ut
986 2894 1066 2970 apud
1079 2913 1121 2950 mc
1134 2900 1161 2951 te
1175 2893 1203 2951 ia
1219 2916 1304 2955 nervo
1316 2918 1380 2955 ene-

812 2988 898 3065 cem.]
939 2988 1039 3057 Verte,
1067 2987 1162 3046 ‘That
1185 2988 1200 3045 1
1220 2988 1296 3049 have
1319 3013 1379 3069 you

812 3084 887 3161 kept
913 3083 945 3139 in
971 3082 1022 3141 the
1043 3083 1142 3141 stocks
1166 3094 1197 3141 at
1217 3104 1269 3161 my
1287 3086 1379 3145 house

812 3177 859 3235 till
875 3197 936 3254 you
954 3196 1003 3235 are
1017 3177 1084 3235 half
1095 3176 1190 3236 dead!
1230 3179 1278 3237 De
1295 3201 1381 3239 neruo

813 3271 883 3330 vide
896 3272 928 3328 in
941 3271 1038 3329 Gloss.
1079 3271 1201 3332 Enecem
1216 3285 1315 3332 autem
1329 3297 1379 3335 ve-

812 3367 855 3425 let
880 3365 912 3422 id
939 3365 1020 3443 quod
1046 3366 1127 3444 apud
1151 3368 1219 3427 Ter.
1241 3369 1336 3427 Andr.
1355 3371 1379 3429 1.

815 3482 851 3520 11.
872 3468 918 3522 28.

815 3579 831 3601 “
843 3573 985 3623 Verberibus
995 3590 1083 3623 cresum
1093 3584 1125 3631 te,
1136 3576 1214 3633 Dave,
1224 3576 1248 3625 in
1258 3578 1380 3637 pistrinum

885 3649 970 3697 dedam
984 3653 1099 3711 usquead
1113 3651 1211 3701 necem.’'

815 3736 876 3803 Ubi
903 3763 992 3823 usque
1017 3744 1057 3803 ad
1076 3765 1169 3803 necem
1192 3767 1261 3806 cum
1281 3747 1380 3826 priore

814 3850 899 3919 parte
917 3841 1069 3899 sententie
1090 3842 1242 3911 sumenda,
1254 3853 1285 3901 et
1302 3844 1382 3904 dicta

815 3948 885 3996 sunt
899 3957 954 4014 per
973 3936 1167 4014 hyperbolem
1183 3958 1239 4015 pro
1259 3938 1342 3999 ualde
1355 3949 1381 4000 et

813 4033 987 4093 uehementer
1004 4052 1106 4091 coesum
1121 4031 1290 4104 uerberibus,
1311 4054 1381 4094 nam

815 4131 946 4208 primum
963 4129 1162 4199 cedebantur,
1182 4141 1248 4189 tum
1267 4132 1298 4191 in
1318 4154 1382 4194 cer-

815 4242 911 4281 cerem
923 4242 975 4281 seu
984 4223 1142 4299 pistrinum
1154 4223 1243 4282 fiebat
1251 4224 1380 4304 injectio.

855 4358 920 4416 701.
972 4347 1050 4413 Quid
1081 4349 1133 4407 tibi
1170 4372 1247 4429 ergo,
1282 4357 1380 4434 em]
