3250 5217
580 575 633 636 ΙΝ
657 574 998 638 Annunlnmn.
1290 573 1356 657 187

210 789 311 843 centes
330 785 486 843 observare
507 783 664 845 dicuntur:
687 787 831 845 adversus
852 806 904 845 eos
923 785 1075 864 Arimaspi
1091 783 1197 863 populi
1214 793 1359 862 pugnant,

211 915 403 973 gemmasque
424 895 483 954 illis
503 897 675 956 auferunt“
716 897 890 958 Herodotus
906 897 996 956 etism
1014 897 1036 954 Γ
1036 894 1125 978 pieac
1142 892 1362 976 χρυσοφύλακας

211 1014 355 1064 memorat
369 1005 452 1085 apud
471 1005 646 1086 Arimaspos
664 1017 787 1086 gentem
804 1006 986 1085 Scythicam.
1027 1005 1117 1065 Scan.
1144 1005 1227 1064 Citat
1248 1005 1358 1065 Lesas:

212 1118 299 1178 Plin:
330 1119 398 1179 Lib.
417 1119 493 1178 VII.
522 1141 586 1199 cap.
609 1129 636 1180 l.
691 1121 886 1201 “Arimaspis
911 1121 1030 1180 assidue
1055 1120 1169 1180 bellum
1192 1141 1256 1180 esse
1282 1121 1361 1181 circa

211 1231 330 1290 metalla
352 1251 422 1290 cum
441 1231 575 1311 gryphis,
598 1231 730 1292 ferarum
754 1231 869 1291 volucri
891 1251 1011 1310 genere,
1040 1230 1129 1308 quale
1152 1231 1244 1310 vulgo
1269 1231 1361 1290 tradi-

212 1355 271 1416 tur,
305 1355 426 1405 eruente
457 1364 494 1405 ex
527 1345 673 1406 cuniculis
704 1366 821 1416 aurum,
850 1346 926 1403 mira
955 1343 1145 1423 cupiditate.'’
1172 1347 1226 1404 &c
1267 1345 1360 1422 Apud

211 1455 336 1514 Festum
349 1455 419 1516 Lib.
432 1455 518 1515 XIV.
532 1458 586 1526 est,
620 1458 637 1479 ''
648 1455 749 1514 Picoti
763 1455 952 1535 appellantur
970 1453 1101 1532 quidam,
1121 1471 1250 1532 quorum
1269 1453 1361 1532 pedes

203 1568 329 1627 formati
349 1577 418 1628 sunt
439 1568 472 1628 in
493 1553 622 1648 speciem
644 1568 817 1647 sphingum,
836 1567 918 1646 quod
937 1587 986 1627 eas
1003 1566 1089 1626 Dorii
1102 1565 1207 1645 plicas
1225 1569 1360 1625 vocant.”

212 1677 250 1736 In
272 1698 362 1756 quem
391 1689 475 1738 notat
497 1683 609 1738 Anton.
636 1682 765 1758 August.
807 1680 928 1758 ”Apud
951 1679 1158 1757 Hesychium:
1179 1684 1257 1757 φίκα,
1278 1683 1359 1757 φίγα,

211 1799 242 1847 et
264 1792 385 1866 σφίγγα.
426 1791 577 1851 Hesiodus
601 1792 632 1850 in
657 1791 809 1870 Theogon.
851 1791 907 1868 φΐκ’
920 1791 1013 1860 α’λαήν.
1048 1793 1229 1872 Lycophron
1249 1793 1282 1852 in
1302 1794 1361 1852 fine

212 1901 407 1961 Alexandrae:
429 1907 534 1981 φῖκειον
553 1903 646 1985 τέρας.
694 1905 786 1963 Picas
808 1924 879 1963 vero
899 1924 955 1983 pro
972 1903 1078 1984 plicas
1096 1904 1166 1973 dici,
1189 1913 1224 1962 ut
1243 1901 1359 1973 Poenos,

211 2010 249 2088 [a
275 2012 498 2093 Phoenicibus]
533 2025 563 2073 et
589 2013 686 2093 Alpes,
717 2025 747 2072 et
780 2013 937 2093 Pilippum,
965 2025 995 2074 et
1021 2013 1184 2092 irrumpam,
1221 2014 1360 2073 manifes-

212 2134 277 2184 tum
298 2134 374 2184 est“

274 2344 325 2356 —
361 2299 523 2376 'Aureos
546 2307 715 2396 monton]
767 2315 869 2373 ”Sunt
891 2313 1013 2392 quidam
1038 2322 1153 2372 montes
1173 2313 1206 2370 in
1227 2311 1358 2390 Scythia,

213 2433 266 2513 qui
286 2433 473 2512 appellantur
495 2435 695 2513 Hyperborei,
716 2456 805 2515 super
825 2436 934 2515 quibus
951 2446 1031 2495 stant
1048 2435 1220 2515 griphones,
1235 2435 1288 2514 qui
1300 2455 1361 2493 non

212 2547 368 2626 patiuntur
397 2569 529 2626 gemmas
560 2560 643 2608 natas
669 2551 701 2607 in
730 2550 782 2609 illo
807 2550 873 2610 loco
899 2550 1015 2608 inillis
1040 2549 1193 2609 montibus
1219 2549 1361 2627 surripi.“

212 2659 293 2719 Con.
314 2662 374 2720 Ms.
413 2659 495 2720 Vide
519 2661 601 2720 Nott.

279 2907 329 2920 --
384 2859 542 2953 Colunt]
594 2867 737 2930 Inhabt't.
790 2875 889 2953 Supra
911 2875 991 2934 Prol.
1012 2882 1039 2933 4.
1060 2875 1098 2933 G.

265 3049 335 3110 656.
381 3040 512 3135 Solus]
564 3051 737 3112 Adhibetur
758 3053 824 3112 haec
845 3073 912 3122 vox,
940 3052 1018 3111 sicut
1045 3061 1076 3111 et
1097 3050 1258 3128 aliquando
1276 3071 1359 3120 unus,

213 3171 266 3232 ubi
299 3171 406 3230 miram
433 3182 464 3230 et
492 3172 673 3250 singularem
695 3171 868 3232 felicitatem
895 3171 1059 3249 exprimere
1090 3169 1237 3229 volumus.
1275 3170 1313 3227 Ε.
1326 3191 1357 3248 g.

214 3283 289 3342 Hor.
314 3283 373 3343 Sat.
387 3284 412 3342 Ι.
434 3303 486 3343 111.
507 3291 571 3344 125.
612 3283 680 3341 “Et
707 3292 791 3342 sutor
813 3285 920 3353 bouus,
944 3292 975 3341 et
1000 3280 1077 3340 aolus
1097 3280 1271 3339 formosus.”
1298 3280 1318 3338 i.
1332 3302 1358 3340 e.

212 3415 277 3473 prae
294 3394 368 3465 aliis,
392 3394 632 3474 prestantissime
656 3395 812 3453 formosus.
851 3393 899 3453 Ib.
919 3392 980 3452 Sat.
1003 3392 1179 3458 11.v1.57.
1218 3391 1360 3450 “Miran-

213 3521 261 3566 tur
281 3517 317 3565 ut
339 3526 426 3564 onum
447 3506 566 3566 Scilicet
584 3505 698 3584 egregii
718 3490 872 3566 mortalem
890 3506 1002 3584 altique
1023 3504 1149 3564 silenti.”

265 3716 332 3777 658.
380 3705 596 3807 Lepidum]
664 3715 763 3797 «10669,
797 3716 920 3800 joyful.
984 3721 1067 3783 Men.
1094 3729 1143 3790 71.
1192 3721 1261 3780 Hoc
1293 3720 1359 3781 loco

211 3841 325 3906 letum
352 3839 411 3899 alio
432 3860 521 3900 sensu
544 3841 641 3918 Supra
662 3848 728 3900 451.

197 4087 199 4091 -
267 4044 335 4104 662.
411 4035 590 4111 Deorsum
617 4032 736 4126 duco]
802 4048 847 4106 Id.
882 4070 933 4128 qu.
960 4048 1076 4124 deduco,
1110 4049 1143 4107 in
1171 4046 1260 4107 Cure.
1291 4046 1357 4109 365.

212 4167 362 4228 “Deduoo
382 4169 475 4247 pedes
493 4168 531 4228 de
551 4169 629 4228 lecto
650 4167 752 4228 clam-'¹

264 4347 333 4408 666.
382 4339 526 4433 Attal]
576 4356 672 4433 Supra
693 4355 758 4422 367.
778 4355 845 4425 619.
