3250 5217
580 580 632 643 IN
657 576 1003 643 AULULARIAM.
1294 576 1360 641 128

274 796 322 847 31.
369 778 445 852 Die
462 777 560 870 un0.]
606 791 644 849 In
661 791 792 850 tironum
809 789 936 869 grutim
950 764 1047 867 operae
1063 790 1187 847 sonasse
1199 786 1257 847 erit
1273 776 1363 848 semel

220 912 386 980 observare,
405 908 488 979 Dies,
506 909 560 968 ubi
572 908 730 967 masculino
745 902 1040 986 genere'usurpatur,
1059 908 1236 986 plerumque
1251 905 1288 965 de
1302 914 1362 964 uno

219 1019 320 1102 aliquo
345 1029 377 1078 et
398 1019 482 1077 linito
505 1016 554 1076 die
575 1017 650 1076 dici:
673 1016 726 1076 ubi
747 1026 846 1075 antem
856 1014 1000 1094 feminino
1019 1035 1137 1093 genere,
1158 1025 1224 1074 tum
1243 1013 1362 1091 longius

219 1131 338 1211 tempus
357 1142 389 1191 et
406 1130 594 1189 indefinitum
617 1128 743 1187 maxime
770 1128 944 1206 significare.
985 1127 1129 1206 Exemplo
1152 1122 1250 1199 erunt,
1277 1116 1361 1185 Nost.

221 1213 359 1301 nesso.
381 1248 401 1275 «
408 1236 482 1298 ns.
495 1238 618 1316 quidem
627 1238 667 1296 ao
678 1237 856 1297 umbilicum
869 1247 914 1296 est
926 1235 1092 1295 dimersas.
1104 1235 1252 1295 morose
1273 1216 1363 1313 (rus

220 1349 304 1428 day,)
324 1369 442 1429 nempe,
464 1350 625 1409 hodiernus
646 1360 677 1409 et
696 1350 827 1429 praesens
848 1350 919 1409 dies.
959 1349 1079 1419 Contra,
1101 1350 1176 1409 Hor.
1191 1352 1229 1419 Α.
1243 1346 1278 1409 Ρ.
1296 1358 1363 1421 393.

221 1457 376 1517 “Carmen
396 1457 614 1536 reprehendite,
635 1458 717 1535 quod
735 1477 796 1515 non
816 1457 915 1516 Multo
932 1457 994 1516 dies
1014 1468 1045 1517 et
1061 1458 1155 1517 multe
1169 1459 1260 1519 litura
1279 1462 1361 1519 coer·

220 1570 325 1654 coitis·
348 1568 410 1629 Ubi
423 1569 472 1629 vel
485 1589 576 1627 nonus
589 1589 684 1627 annue
695 1569 881 1647 intelligitur.
914 1570 984 1629 Juv.
1000 1570 1060 1630 Sat.
1077 1572 1115 1629 X.
1129 1570 1195 1631 265.
1230 1570 1361 1652 “Longa

219 1681 279 1740 dier
297 1680 390 1759 igitur
411 1680 484 1759 quid
506 1681 671 1742 contulit?''
699 1682 747 1741 De
767 1683 880 1743 Priami
899 1693 1059 1745 senectute.
1100 1686 1169 1744 Non
1190 1686 1362 1763 negandum

218 1803 319 1852 tamen
331 1803 377 1851 est
389 1793 463 1871 quin
480 1814 516 1852 ex
529 1793 587 1852 hoc
599 1814 656 1851 usu
673 1794 793 1853 interim
810 1793 999 1855 discesserint
1011 1796 1059 1855 vel
1077 1795 1182 1874 optimi
1195 1796 1360 1875 scriptores,

218 1926 317 1985 neque
329 1906 421 1965 iidem
434 1906 554 1965 omnino
567 1906 710 1986 sibiipsis
723 1918 866 1968 constent.
906 1908 944 1965 Id
957 1928 1037 1978 vero,
1059 1908 1089 1967 ni
1103 1908 1197 1979 fallor,
1213 1930 1269 1987 pro
1282 1884 1365 1969 certo

218 2018 337 2089 habeas,
358 2018 430 2077 diem
448 2020 481 2077 in
499 2018 657 2082 masculino
672 2040 782 2098 genere
800 2038 956 2097 nunquam
974 2040 1030 2099 pro
1047 2031 1180 2099 tempore
1197 2018 1298 2099 aliquo
1316 2020 1362 2080 in·‡

219 2132 342 2192 definito
361 2134 508 2211 usurpari.

227 2364 230 2367 ,
274 2313 320 2365 33.
369 2296 624 2394 Intemperiae.]
665 2302 820 2384 Pretium
845 2307 1020 2367 mactmus.
1069 2312 1114 2370 Id.
1141 2332 1190 2395 qu.
1224 2314 1361 2375 insanires

219 2427 333 2488 dictum
348 2440 393 2488 est
412 2449 448 2486 eo
465 2428 547 2506 quod
563 2428 631 2506 quis
649 2436 808 2508 temperare
823 2426 878 2487 cibi
895 2429 999 2508 nequit.
1039 2430 1130 2509 Epid.
1152 2431 1217 2503 467.
1258 2431 1364 2504 “Quae

218 2553 248 2603 te
267 2541 441 2621 intemperie
460 2542 595 2605 tenent?¹'
635 2540 702 2600 Mil.
723 2549 791 2611 435,
812 2544 865 2601 &c-
906 2540 991 2601 Infra
1011 2540 1077 2612 596.

273 2766 324 2778 -
370 2711 543 2806 Tenent]
597 2721 727 2785 Possesr
749 2721 826 2783 Irim.
850 2676 852 2679 Ι
876 2728 954 2787 Men.
977 2736 1042 2801 79⁰·
1065 2729 1102 2789 G.

274 2905 321 2957 33.
366 2883 579 2985 interdius]
627 2902 674 2961 ld.
694 2923 744 2981 qu.
764 2901 899 2960 interdiu.
942 2902 1065 2981 Semper
1084 2904 1165 2981 apud
1184 2903 1338 2963 Nostrum.

274 3069 320 3131 36.
368 3060 555 3160 Appetit]
608 3070 823 3152 Approaooes.
869 3075 972 3133 Instat.
992 3074 1058 3133 nv.
1074 3071 1110 3131 V.
1125 3082 1171 3133 44.
1202 3076 1290 3135 “uu
1303 3096 1361 3135 nox

219 3196 355 3275 oppetit.''
395 3197 468 3255 Cres.
489 3195 525 3255 Β.
540 3195 578 3254 G.
597 3194 654 3255 Vl.
668 3202 715 3255 35.
755 3194 857 3261 “Dies
876 3192 1029 3275 oppetebat
1047 3192 1216 3271 septimus.”
1256 3194 1359 3265 Quint.

220 3311 293 3371 Inst.
314 3311 358 3371 11.
378 3328 408 3370 x.
436 3309 498 3368 init.
520 3312 615 3371 “Jam
634 3311 697 3369 fere
715 3319 835 3388 tempus
854 3315 968 3388 appetet
986 3307 1209 3387 aggrediendi.''

273 3496 320 3548 ss.
367 3477 523 3572 Unam]
570 3490 614 3550 Τ..ι
630 3512 715 3551 unam
737 3489 875 3571 ..pom
915 3490 993 3549 Ρ...
1015 3491 1068 3569 qur
1084 3491 1164 3561 ciet,
1186 3492 1274 3555 Most.
1292 3491 1359 3557 στι.

221 3617 240 3644 “
251 3610 315 3669 Nec
329 3610 451 3687 quidem
467 3630 534 3669 esca
551 3630 609 3667 una
627 3630 675 3669 me
688 3608 802 3688 Juverit
818 3608 937 3686 magis.”
958 3607 1024 3678 965.
1065 3614 1086 3644 “
1097 3607 1190 3667 Unum
1204 3608 1266 3667 vidi
1279 3627 1358 3666 mor-

219 3732 302 3780 tuom
321 3722 418 3781 efferri
437 3722 542 3781 lbras.”
581 3720 680 3791 Adde,
702 3721 785 3780 lullo
804 3718 869 3781 526.

273 3915 323 3931 ...
365 3880 544 3953 Litteram
567 3873 739 3977 longam]
774 3890 855 3950 Oitat
875 3890 1007 3955 Tsonu:
1028 3892 1058 3951 J.
1073 3892 1154 3969 Lips.
1195 3892 1243 3951 De
1263 3891 1357 3951 Recta

220 4010 308 4070 Pron.
324 4008 361 4066 L.
374 4010 409 4068 L.
430 4028 455 4069 c.
470 4026 542 4069 vrrr.
582 4009 679 4089 Cujus
695 4011 785 4069 verbs
803 4018 891 4080 sunt;
910 4009 1051 4069 ”Littera
1068 4008 1167 4079 Inon,
1185 4019 1220 4068 ut
1233 4020 1355 4079 caeterae,

217 4124 386 4203 geminatur
406 4133 459 4184 aut
476 4124 560 4202 apice
578 4121 666 4201 [Vid
684 4124 768 4183 Men.
783 4130 831 4183 38.
851 4122 908 4201 Gt]
927 4121 1100 4201 insignitur:
1122 4121 1173 4181 sed
1189 4122 1356 4201 productior

208 4240 262 4316 fit,
276 4246 303 4298 et
314 4234 491 4318 longitudine
502 4236 587 4317 quasi
599 4236 697 4316 dupla.
737 4237 875 4316 Exempli
888 4252 984 4305 ceusu,
999 4235 1079 4305 riso,
1094 4235 1202 4306 vlvus,
1215 4239 1354 4310 nn1n1s3

220 4352 292 4412 Ideo
307 4350 369 4409 κατ’
384 4348 490 4432 ἐξοχήν
502 4349 578 4409 inter
591 4370 691 4411 omnes
704 4350 817 4409 litteras
829 4348 893 4411 haec
907 4346 1025 4430 proprie
1038 4346 1117 4409 dicta
1130 4346 1223 4427 longo.
1265 4348 1353 4409 Pleu·
1374 4408 1376 4413 .
